@inproceedings{jamieson2005understanding,
   author =       "Kyle Jamieson and Bret Hull and Allen K. Miu and Hari Balakrishnan",
   title =        "{Understanding the real-world performance of carrier sense}",
   booktitle =    {ACM SIGCOMM Workshop on Experimental Approaches to Wireless Network Design and Analysis (E-WIND)},
   year =         {2005},
   OPTmonth =        {August},
   OPTaddress =      {Philadelphia, PA}
}

@Misc{154,
  title =	 {{IEEE} Standard for Information technology-
                  Telecommunications and information exchange between
                  systems- Local and metropolitan area networks-
                  Specific requirements Part 15.4: Wireless Medium
                  Access Control ({MAC}) and Physical Layer ({PHY})
                  Specifications for Low-Rate Wireless Personal Area
                  Networks ({WPAN}s)},
  author =	 {{IEEE Computer Society{,} {LAN/MAC} Standard
                  Committee}},
  howpublished = {IEEE Std 802.15.4-2006 (Revision of IEEE Std
                  802.15.4-2003)},
  year =	 2006,
}

@Misc{154a,
  title =	 {{IEEE} {P802.15.4a/D7} (Amendment of {IEEE} Std
                  802.15.4), Part 15.4: Wireless Medium Access Control
                  ({MAC}) and Physical Layer ({PHY}) Specifications
                  for Low-Rate Wireless Personal Area Networks},
  author =	 {{IEEE Computer Society{,} {LAN/MAC} Standard
                  Committee}},
  month =	 {Jan.},
  year =	 2007
}

@Misc{802.15.3standard,
  title =	 {{IEEE} 802.15.3 {MAC} standard, available at
                  \url{http://www.ieee.org}},
  author =	 {{IEEE Computer Society{,} {LAN/MAC} Standard
                  Committee}}
}

@Article{Chen02-WNJ,
  author =	 {Chen, B. and Jamieson, K. and Balakrishnan, H. and
                  Morris, R},
  title =	 {Span: an Energy-Efficient Coordination Algorithm for
                  Topology Maintenance in Ad Hoc Wireless Networks},
  journal =	 {ACM Wireless Networks Journal},
  volume =	 8,
  number =	 5,
  month =	 {September},
  year =	 2002
}

@InProceedings{FuInfocom03,
  author =	 {Zhenghua Fu and Petros Zerfos and Haiyun Luo and
                  Songwu Lu and Lixia Zhang and Mario Gerla},
  title =	 {The Impact of Multihop Wireless Channel on {TCP}
                  Throughput and Loss},
  booktitle =	 {IEEE INFOCOM},
  pages =	 {1744-1753},
  volume =	 3,
  month =	 {March-April},
  year =	 2003
}

@Article{Radunovic04-TMC,
  author =	 "Radunovic, B. and Le Boudec, J.-Y.",
  title =	 "Rate Performance Objectives of Multi-hop Wireless
                  Networks",
  journal =	 IEEE_J_MC,
  volume =	 03,
  number =	 4,
  pages =	 {334--349},
  month =	 {October-December},
  year =	 2004
}

@InProceedings{Radunovic05-Rawnet,
  author =	 {Radunovic, B. and Le Boudec, J.-Y.},
  title =	 {Rate Adaptation, Power Adaptation and Mutual
                  Exclusion in Variable Rate Wireless Networks},
  booktitle =	 {Rawnet},
  month =	 {April},
  year =	 2005
}

@InProceedings{Radunovic05-WoWMoM,
  AUTHOR =	 {Radunovic, B. and Le Boudec, J.-Y.},
  TITLE =	 {Power Control is Not Required for Wireless Networks
                  in the Linear Regime},
  BOOKTITLE =	 {WoWMoM},
  MONTH =	 {June},
  YEAR =	 2005
}

@Article{aazhang88,
  author =	 {Aazhang, B. and Poor, H. V.},
  title =	 {Performance of DS/SSMA communications in impulsive
                  channels. II. Hard-limiting correlation receivers},
  journal =	 IEEE_J_COM,
  number =	 1,
  pages =	 {88--97},
  volume =	 36,
  year =	 1988
}

@InProceedings{abramson70,
  author =	 {Abramson, N.},
  title =	 {The ALOHA system---another alternative for computer
                  communications},
  booktitle =	 {AFIPS Conf. Proc. Fall Joint Computer Conference},
  pages =	 {281--285},
  year =	 1970,
  volume =	 37
}

@Article{abramson85,
  author =	 {Abramson, N.},
  title =	 {Development of the ALOHANET},
  journal =	 IEEE_J_IT,
  number =	 2,
  pages =	 {119--123},
  volume =	 31,
  year =	 1985
}

@Article{aedudodla05,
  title =	 {Timing acquisition in ultra-wideband communication
                  systems},
  author =	 {Aedudodla, S. R. and Vijayakumaran, S. and Wong,
                  T. F. },
  journal =	 IEEE_J_VT,
  number =	 5,
  pages =	 {1570--1583},
  volume =	 54,
  year =	 2005
}

@InProceedings{agarwal05,
  author =	 {Agarwal, D. and Anderson, C.R. and Athanas, P.M.},
  title =	 {An 8 {GH}z ultra wideband transceiver prototyping
                  testbed},
  booktitle =	 {the 16th IEEE International Workshop on Rapid System
                  Prototyping, 2005. (RSP 2005).},
  pages =	 {121--127},
  year =	 2005
}

@Article{aiello03,
  author =	 {Aiello, G. R. and Rogerson, G. D. },
  title =	 {Ultra-wideband wireless systems},
  journal =	 IEEE_M_MW,
  number =	 2,
  pages =	 {36--47},
  volume =	 4,
  year =	 2003
}

@Article{amico05,
  author =	 {D'Amico, A. A. and Mengali, U. and Taponecco, L. },
  title =	 {Impact of MAI and channel estimation errors on the
                  performance of Rake receivers in {UWB}
                  communications},
  journal =	 IEEE_J_WCOM,
  number =	 5,
  pages =	 {2435--2440},
  volume =	 4,
  year =	 2005
}

@InProceedings{anouar03uwbmac,
  author =	 {Hicham, Anouar and Souilmi, Younes and Bonnet,
                  Christian},
  title =	 {Self-Balanced Receiver-Oriented {MAC} for Ultra-wide
                  band Mobile Ad Hoc Networks},
  booktitle =	 {IEEE International Workshop on Ultra Wideband
                  Systems},
  year =	 2003,
  pages =	 {June},
}

@InProceedings{august04uwbmac,
  author =	 {August, N.J. and Ha, D.S.},
  title =	 {An Efficient {UWB} Radio Architecture for Busy
                  Signal {MAC} Protocols},
  booktitle =	 {IEEE SECON},
  year =	 2004,
  pages =	 {325-334},
  month =	 {October},
}

@InProceedings{august04uwbsense,
  author =	 {August, N.J. and Lee, H.-J.. and Ha, D.S.},
  title =	 {Pulse Sense: A Method to Detect a Busy Medium in
                  Pulse-Based Ultra Wideband ({UWB}) Networks},
  booktitle =	 {IEEE Conference on Ultra Wideband Systems and
                  Technologies},
  pages =	 {366-370},
  year =	 2004,
  month =	 {May},
}

@article{august07,
  author =	 {August, N. J. and Lee, H. J. and Ha, D. S. },
  title =	 {Enabling Distributed Medium Access Control for
                  Impulse-Based Ultrawideband Radios},
  journal =	 IEEE_J_VT,
  number =	 3,
  pages =	 {1064--1075},
  priority =	 0,
  volume =	 56,
  year =	 2007
}

@Article{baccelli02,
  author =	 {Baccelli, F. and McDonald, D. R. and Reynier, J.},
  title =	 {A mean-field model for multiple {TCP} connections
                  through a buffer implementing {RED}},
  journal =	 {Performance Evaluation},
  year =	 2002,
  volume =	 49,
  number =	 {1-4},
  pages =	 {77-97},
  month =	 {September},
}

@Book{baccelli87,
  author =	 {Baccelli, F. and Br\'{e}maud, P.},
  title =	 {Palm Probabilities and Stationary Queues},
  publisher =	 {Springer Verlag Lecture Notes in Statistics},
  vol =		 41,
  month =	 {March},
  year =	 1987
}

@Article{bahadur60,
  author =	 {Bahadur, R. R. and Rao, R.},
  title =	 {On deviations of the sample mean},
  journal =	 {Ann. Math. Statis},
  year =	 1960,
  volume =	 31,
  pages =	 {1015--1027}
}

@Misc{bakom08uwb,
  author =	 {{Federal Office of Communication (OFCOM),
                  Switzerland}},
  title =	 {National Frequency Allocation Plan, Applications
                  {UWB} / {WB SRD}, available at
                  \url{http://www.bakom.admin.ch/themen/frequenzen/00652/00653/02091/index.html?lang=en}},
  month =	 {January},
  year =	 2008,
}

@Article{baldi02,
  author =	 {Baldi, P. and De Nardis, L. and Di Benedetto, M. G.},
  title =	 {Modeling and optimization of {UWB} communication
                  networks through a flexible cost function},
  journal =	 IEEE_J_JSAC,
  number =	 9,
  pages =	 {1733--1744},
  volume =	 20,
  year =	 2002
}

@InProceedings{beaulieu06,
  title =	 {An Adaptive Threshold Soft-Limiting {UWB} Receiver
                  with Improved Performance in Multiuser Interference},
  author =	 {Beaulieu, Norman C. and Hu, Bo },
  booktitle =	 {Ultra-Wideband, The 2006 IEEE 2006 International
                  Conference on},
  pages =	 {405--410},
  year =	 2006
}

@InProceedings{beaulieu97,
  author =	 {Beaulieu, N. C. and Tan, C. C.},
  title =	 {An {FFT} method for generating bandlimited
                  {G}aussian noise variates},
  booktitle =	 {IEEE GLOBECOM 97},
  year =	 1997,
  volume =	 2,
  pages =	 {684--688},
}

@Article{benedetto05uwb2,
  author =	 {Di Benedetto, M.-G. and Nardis, L. and Junk, M. and
                  Giancola, G.},
  title =	 {({UWB})$^2$: Uncoordinated, Wireless, Baseborn,
                  medium access control for {UWB} communication
                  networks},
  journal =	 {Mobile Networks and Applications},
  month =	 {October},
  volume =	 10,
  number =	 5,
  year =	 2005
}

@Article{bennett78,
  title =	 {Time-domain electromagnetics and its applications},
  author =	 {Bennett, C. L. and Ross, G. F. },
  journal =	 IEEE_J_PROC,
  number =	 3,
  pages =	 {299--318},
  volume =	 66,
  year =	 1978
}

@article{bergel05,
  author =	 {Bergel, I. and Fishler, E. and Messer, H. },
  title =	 {Narrowband Interference Mitigation in Impulse Radio},
  journal =	 IEEE_J_COM,
  number =	 8,
  pages =	 {1278--1282},
  volume =	 53,
  year =	 2005
}

@Article{bianchi00,
  author =	 {Bianchi, G.},
  title =	 {Performance Analysis of the {IEEE} 802.11
                  Distributed Coordination Function},
  journal =	 IEEE_J_JSAC,
  year =	 2000,
  volume =	 18,
  number =	 3,
  pages =	 {535-547},
  month =	 {March},
}

@Article{bianchi05dcfperf,
  author =	 {Bianchi, G. and Tinnirello, I.},
  title =	 {Remarks on {IEEE} 802.11 {DCF} Performance Analysis},
  journal =	 IEEE_J_COML,
  year =	 2005,
  volume =	 9,
  number =	 8,
  pages =	 {765-767},
  month =	 {August},
}

@InProceedings{bordenave05,
  author =	 {Bordenave, C. and Mc Donald, D. and Prouti\`ere, A,},
  title =	 {Random Multi-access Algorithms, A Mean Field
                  analysis},
  booktitle =	 {Forty-third annual Allerton conference on
                  Communication, Control, and Computing},
  year =	 2005
}

@article{broustis06,
  author =	 {Broustis, Ioannis and Molle, Mart and Krishnamurthy,
                  Srikanth and Faloutsos, Michalis and Foerster,
                  Jeffrey },
  title =	 {A new binary conflict resolution-based MAC protocol
                  for impulse-based {UWB} ad hoc networks},
  journal =	 {Wireless Commun. and Mobile Comput. J.},
  number =	 7,
  pages =	 {933--949},
  volume =	 6,
  year =	 2006
}

@article{broustis07,
  author =	 {Broustis, Ioannis and Krishnamurthy, Srikanth V. and
                  Faloutsos, Michalis and Molle, Mart and Foerster,
                  Jeffrey R. },
  title =	 {Multiband Media Access Control in Impulse-Based
                  {UWB} Ad Hoc Networks},
  journal =	 IEEE_J_MC,
  number =	 4,
  pages =	 {351--366},
  volume =	 6,
  year =	 2007
}

@Article{callaway02,
  author =	 {Callaway, E. and Gorday, P. and Hester, L. and
                  Gutierrez, J.A. and Naeve, M. and Heile, B. and
                  Bahl, V.},
  title =	 { Home networking with {IEEE} 802.15.4: a developing
                  standard for low-rate wireless personal area
                  networks},
  journal =	 IEEE_M_COM,
  year =	 2002,
  volume =	 40,
  number =	 8,
  pages =	 {70-77},
  month =	 {August},
}

@Article{carbonelli06,
  title =	 {M-PPM noncoherent receivers for {UWB} applications},
  author =	 {Carbonelli, C. and Mengali, U. },
  citeulike-article-id =1769965,
  journal =	 IEEE_J_WCOM,
  number =	 8,
  pages =	 {2285--2294},
  volume =	 5,
  year =	 2006
}

@Article{cassioli02channel,
  author =	 {Cassioli, D. and Win, M.Z. and Molisch, A.F.},
  title =	 {The ultra-wide bandwidth indoor channel: from
                  statistical model to simulations},
  journal =	 IEEE_J_JSAC,
  year =	 2002,
  volume =	 20,
  number =	 6,
  pages =	 {1247--1257},
  month =	 {August},
}

@Article{cassioli07,
  author =	 {Cassioli, D. and Win, M. Z. and Vatalaro, F. and
                  Molisch, A. F.},
  title =	 {Low Complexity Rake Receivers in Ultra-Wideband
                  Channels},
  journal =	 IEEE_J_WCOM,
  keywords =	 {impulse-radio, rake, uwb},
  number =	 4,
  pages =	 {1265--1275},
  volume =	 6,
  year =	 2007
}

@InProceedings{cellini05,
  author =	 {Cellini, V. and Dona, G. },
  title =	 {A novel joint channel and multi-user interference
                  statistics estimator for {UWB-IR} based on
                  {G}aussian mixture model},
  booktitle =	 {IEEE International Conference on Ultra-Wideband
                  (ICU)},
  pages =	 {655--660},
  year =	 2005
}

@Article{chalard07,
  author =	 {Chalard, L. and Helal, D. and Verbaere, L. and
                  Wellig, A. and Zory, J.},
  title =	 {Wireless Sensor Networks Devices: Overview, Issues,
                  State-of the Art and Promising Technologies},
  journal =	 {ST Journal of Research, Wireless Sensor Networks},
  year =	 2007,
  volume =	 4,
  number =	 1,
  pages =	 {4--18},
  month =	 {April},
}

@article{chao05,
  title =	 {Ultra-wideband transmitted reference systems},
  author =	 {Chao, Yi-Ling and Scholtz, R. A.},
  journal =	 IEEE_J_VT,
  number =	 5,
  pages =	 {1556--1569},
  volume =	 54,
  year =	 2005
}

@inproceedings{chen06,
  author =	 {Chen, Qi and Jiang, Daniel and Taliwal, Vikas and
                  Delgrossi, Luca },
  booktitle =	 {VANET '06: Proceedings of the 3rd international
                  workshop on Vehicular ad hoc networks},
  pages =	 {50--56},
  title =	 {{IEEE} 802.11 based vehicular communication
                  simulation design for NS-2},
  year =	 2006
}

@Article{cheng07,
  title =	 {Orthogonal on-off-based near-far-resistant detection
                  with diversity technique in {UWB} systems},
  author =	 {Cheng, C. H. and Lin, J. Y. and Wen, J. H. },
  journal =	 {Communications, IET},
  number =	 5,
  pages =	 {1042--1047},
  volume =	 1,
  year =	 2007
}

@Article{choi02,
  title =	 {Performance of ultra-wideband communications with
                  suboptimal receivers in multipath channels},
  author =	 {Choi, J. D. and Stark, W. E. },
  journal =	 IEEE_J_JSAC,
  number =	 9,
  pages =	 {1754--1766},
  volume =	 20,
  year =	 2002
}

@inproceedings{chunyu02,
  author =	 {Chunyu Bi and Hui, J.Y.},
  title =	 {Multiple access capacity for ultra-wide band radio
                  with multi-antenna receivers},
  booktitle =	 {IEEE Conference on Ultra Wideband Systems and
                  Technologies},
  pages =	 {151-155},
  year =	 2002,
}

@InProceedings{clabaugh03,
  author =	 {Clabaugh, D.J. and Temple, M.A. and Raines, R.A. and
                  Canadeo, C.M. },
  title =	 {{UWB} multiple access performance using time hopped
                  pulse position modulation with biorthogonal
                  signaling},
  booktitle =	 {IEEE Conference on Ultra Wideband Systems and
                  Technologies},
  pages =	 {330-333},
  year =	 2003,
  month =	 {November},
}

@InProceedings{correal03,
  title =	 {An {UWB} relative location system},
  author =	 {Correal, N. S. and Kyperountas, S. and Shi, Q. and
                  Welborn, M. },
  booktitle =	 {Ultra Wideband Systems and Technologies, 2003 IEEE
                  Conference on},
  pages =	 {394--397},
  year =	 2003
}

@article{cramer02,
  title =	 {Evaluation of an ultra-wide-band propagation
                  channel},
  author =	 {Cramer, R. J. M. and Scholtz, R. A. and Win, M. Z. },
  journal =	 IEEE_J_AP,
  number =	 5,
  pages =	 {561--570},
  volume =	 50,
  year =	 2002
}

@inproceedings{cramer99,
  title =	 {Spatio-temporal diversity in ultra-wideband radio},
  author =	 {Cramer, J. M. and Scholtz, R. A. and Win, M. Z.},
  booktitle =	 {IEEE Wireless Communications and Networking
                  Conference},
  pages =	 {888--892 vol.2},
  year =	 1999
}

@Article{crow97,
  author =	 {Crow, B.P. and Widjaja, I. and Kim, L.G. and Sakai,
                  P.T.},
  title =	 {{IEEE} 802.11 Wireless Local Area Networks},
  journal =	 IEEE_M_COM,
  year =	 1997,
  volume =	 35,
  number =	 9,
  pages =	 {116--126},
  month =	 {September},
}

@Article{cuomo02,
  author =	 {Cuomo, Francesca and Martello, Christina and
                  Baiocchi, Andrea and Capriotti Fabrizio},
  title =	 {Radio Resource Sharing for Ad Hoc Networking with
                  {UWB}},
  journal =	 IEEE_J_JSAC,
  year =	 2002,
  volume =	 20,
  number =	 9,
  pages =	 {1722--1732},
  month =	 {December},
}

@InProceedings{dardari07,
  author =	 {Dardari, Davide and Giorgetti, Andrea and Win, Moe
                  Z.},
  title =	 {Time-of-Arrival Estimation of {UWB} Signals in the
                  Presence of Narrowband and Wideband Interference},
  booktitle =	 {Ultra-Wideband, 2007. ICUWB 2007. IEEE International
                  Conference on},
  pages =	 {71-76},
  year =	 2007
}

@Article{delic02,
  title =	 {Robust detection in DS-CDMA},
  author =	 {Delic, H. and Hocanin, A.},
  journal =	 IEEE_J_VT,
  number =	 1,
  pages =	 {155--170},
  volume =	 51,
  year =	 2002
}

@Book{dembo93,
  author =	 {Dembo, Amir and Zeitouni, Ofer},
  title =	 {Large Deviations Techniques and Applications},
  publisher =	 {Jones and Bartlett},
  year =	 1993,
  address =	 {London}
}

@Article{denis06,
  title =	 {Joint distributed synchronization and positioning in
                  {UWB} ad hoc networks using TOA},
  author =	 {Denis, B. and Pierrot, J. B. and Abou-Rjeily, C.},
  journal =	 IEEE_J_MTT,
  number =	 4,
  pages =	 {1896--1911},
  volume =	 54,
  year =	 2006
}

@Article{dhibi06,
  author =	 {Dhibi, Y. and Kaiser, T. },
  title =	 {On the impulsiveness of multiuser interferences in
                  {TH-PPM-UWB} systems},
  journal =	 IEEE_J_SP,
  number =	 7,
  pages =	 {2853--2857},
  volume =	 54,
  year =	 2006
}

@Article{doufexi02,
  author =	 {Doufexi, A. and Armour, S. and Butler, M. and Nix,
                  A. and Bull, D. and McGeehan, J. and Karlsson, P.},
  title =	 {A comparison of the {HIPERLAN}/2 and {IEEE} 802.11a
                  wireless {LAN} standards},
  journal =	 IEEE_M_COM,
  year =	 2002,
  volume =	 40,
  number =	 5,
  pages =	 {172-180},
  month =	 {May},
}

@inproceedings{dricot04,
  title =	 {High-accuracy physical layer model for wireless
                  network simulations in NS-2},
  author =	 {Dricot, J. M. and De Doncker, P. },
  booktitle =	 {Wireless Ad-Hoc Networks, 2004 International
                  Workshop on},
  pages =	 {249--253},
  year =	 2004
}

@InProceedings{duan07,
  author =	 {Duan, Chunjie Orlik, Philip Sahinoglu, Zafer
                  Molisch, Andreas F. },
  title =	 {A Non-Coherent 802.15.4a {UWB} Impulse Radio},
  booktitle =	 {Ultra-Wideband, 2007. ICUWB 2007. IEEE International
                  Conference on},
  pages =	 {146--151},
  year =	 2007,
  month =	 {September}
}

@InProceedings{dubouloz05,
  author =	 {Dubouloz, S. and Denis, B. and de Rivaz, S. and
                  Ouvry, L. },
  booktitle =	 {IEEE International Conference on Ultra-Wideband},
  title =	 {Performance analysis of {LDR} {UWB} non-coherent
                  receivers in multipath environments},
  year =	 2005
}

@InProceedings{dubouloz06,
  author =	 {Dubouloz, S. and Rabbachin, A. and de Rivaz, S. and
                  Denis, B. and Ouvry, L.},
  title =	 {Performance analysis of low complexity solutions for
                  {UWB} low data rate impulse radio },
  booktitle =	 {IEEE ISCAS 06},
  year =	 2006,
  month =	 {May}
}

@InProceedings{durisi02,
  author =	 {Durisi, G. and Romano, G.},
  title =	 {On the validity of Gaussian approximation to
                  characterize the multiuser capacity of {UWB} {TH}
                  {PPM}},
  booktitle =	 {IEEE Conference on Ultra Wideband Systems and
                  Technologies},
  pages =	 {157--161},
  year =	 2002,
}

@InProceedings{durisi02multipath,
  author =	 {Durisi, G. and Romano, G.},
  title =	 {Simulation analysis and performance evaluation of an
                  {UWB} system in indoor multipath channel},
  booktitle =	 {IEEE Conference on Ultra Wideband Systems and
                  Technologies},
  pages =	 {255-258},
  year =	 2002,
}

@Article{durisi03,
  author =	 {Durisi, G. and Benedetto, S.},
  title =	 {Performance evaluation of {TH-PPM UWB} systems in
                  the presence of multiuser interference},
  journal =	 IEEE_J_COML,
  year =	 2003,
  volume =	 7,
  number =	 5,
  pages =	 {224-226},
  month =	 {May},
}

@Article{durisi03method,
  author =	 {Durisi, G. and Tarable, A. and Romme, J. and
                  Benedetto},
  title =	 {A general method for error probability computation
                  of {UWB} systems for indoor multiuser
                  communications},
  journal =	 {Journal of Communications and Networks},
  year =	 2003,
  volume =	 5,
  number =	 4,
  pages =	 {354-364},
  month =	 {December},
}

@InProceedings{durisi03ser,
  author =	 {Durisi, G. and Romme, J. and Benedetto, S.},
  title =	 {A General Method for {SER} Computation of {M-PAM}
                  and {M-PPM} {UWB} Systems for Indoor Multiuser
                  Communications},
  booktitle =	 {IEEE Globecom},
  pages =	 {734-738},
  year =	 2003,
  month =	 {December},
}

@Article{el-sawy77,
  title =	 {Robust detection of known signals},
  author =	 {El-Sawy, A. and Vandelinde, V. },
  journal =	 IEEE_J_IT,
  number =	 6,
  pages =	 {722--727},
  volume =	 23,
  year =	 1977
}

@InProceedings{elfawal05power,
  author =	 {El Fawal, A. and Le Boudec, J.-Y.},
  title =	 {A Power Independent Detection Method for {UWB}
                  Impulse Radio Networks},
  booktitle =	 {{IEEE} International Conference on Ultra-Wideband
                  ({ICU})},
  year =	 2005
}

@Misc{elfawal06,
  author =	 {El Fawal, A. and Le Boudec, J.-Y.},
  title =	 {Synchronizing method for impulse radio network},
  howpublished = {US Patent application 20060093077, May 4},
  year =	 2006
}

@Article{elfawal06pim,
  author =	 {El Fawal, A. and Le Boudec, J.-Y.},
  title =	 {A Robust Signal Detection Method for Ultra Wide Band
                  ({UWB}) Networks with Uncontrolled Interference},
  journal =	 IEEE_J_MTT,
  year =	 2006,
  month =	 {June},
  pages =	 {1769--1781},
  volume =	 54,
  number =	 4
}

@Article{elfawal06tradeoff,
  author =	 {El Fawal, A. and Le Boudec, J.-Y. and Merz, R. and
                  Radunovic, B. and Widmer, J. and Maggio, G. M.},
  title =	 {Tradeoff Analysis of {PHY}-aware {MAC} in Low-Rate,
                  Low-Power {UWB} networks},
  journal =	 IEEE_M_COM,
  volume =	 43,
  number =	 12,
  pages =	 {147-155},
  month =	 {December},
  year =	 2005,
}

@Misc{ero07uwb,
  author =	 {{European Radiocommunications Office (ERO),
                  Electronic Communications Committee}},
  title =	 {Document {ECC/DEC/(06)04}, available at
                  \url{http://www.ero.dk/documentation/docs/doc98/official/pdf/ECCDEC0604.pdf}},
  month =	 {July},
  year =	 2007,
}

@InProceedings{erseghe07,
  author =	 {Erseghe, T. and Cellini, V. and Dona, G.},
  title =	 {{UWB} Impulse Radio Receivers Derived from a
                  {G}aussian Mixture Interference Model},
  booktitle =	 {IEEE International Conference on Communications
                  (ICC)},
  pages =	 {5757--5762},
  year =	 2007
}

@Misc{fcc02uwb,
  author =	 {{Federal Communications Commission, United States}},
  title =	 {{FCC} 02--48, {F}irst {R}eport and {O}rder,
                  available at
                  \url{http://hraunfoss.fcc.gov/edocs_public/attachmatch/FCC-02-48A1.pdf}},
  month =	 {February 14th},
  year =	 2002,
}

@Article{fddi2,
  author =	 {M. Teener and R. Gvozdanovic},
  title =	 {{FDDI-II} operation and architectures},
  journal =	 {{IEEE} Conf. on Local Computer Networks},
  year =	 1989,
  pages =	 {49--61},
  month =	 {October}
}

@article{ferguson75,
  author =	 {Ferguson, M.},
  title =	 {On the Control, Stability, and Waiting Time in a
                  Slotted ALOHA Random-Access System},
  journal =	 IEEE_J_COM,
  number =	 11,
  pages =	 {1306--1311},
  volume =	 23,
  year =	 1975
}

@Article{ferro05,
  author =	 {Ferro, E. and Potorti, F.},
  title =	 {Bluetooth and {Wi}-{Fi} wireless protocols: a survey
                  and a comparison},
  journal =	 IEEE_M_WC,
  year =	 2005,
  volume =	 12,
  number =	 1,
  pages =	 {12-26},
  month =	 {February},
}

@InProceedings{fiorina06,
  title =	 {A Simple {IR-UWB} Receiver Adapted to Multi-User
                  Interferences},
  author =	 {Fiorina, Jocelyn },
  booktitle =	 {IEEE Global Telecommunications Conference
                  (GLOBECOM)},
  pages =	 {1--4},
  year =	 2006
}

@InProceedings{fiorina06b,
  title =	 {On the Benefit of a One-Bit Sampling Receiver and
                  Hard Decoding in Impulse Radio Ultra Wide Band
                  Communications With Multi-User Interferences},
  author =	 {Fiorina, Jocelyn },
  booktitle =	 {Personal, Indoor and Mobile Radio Communications,
                  2006 IEEE 17th International Symposium on},
  pages =	 {1--4},
  year =	 2006
}

@Article{fiorina06c,
  author =	 {Fiorina, J. and Hachem, W. },
  title =	 {On the asymptotic distribution of the correlation
                  receiver output for time-hopped {UWB} signals},
  journal =	 IEEE_J_SP,
  number =	 7,
  pages =	 {2529--2545},
  volume =	 54,
  year =	 2006
}

@InProceedings{fiorina07,
  title =	 {Revisiting {TH-IR-UWB} performance limits dependency
                  on essential system parameters using the Generalized
                  Gaussian Approximation},
  author =	 {Fiorina, Jocelyn and Domenicali, Daniele },
  booktitle =	 {Ultra-Wideband, 2007. ICUWB 2007. IEEE International
                  Conference on},
  pages =	 {751--754},
  year =	 2007
}

@Article{fishler04,
  author =	 {Fishler, E. and Poor, H. V.},
  title =	 {Low-complexity multiuser detectors for time-hopping
                  impulse-radio systems},
  journal =	 IEEE_J_SP,
  year =	 2004,
  volume =	 52,
  number =	 9,
  pages =	 {2561-2571},
  month =	 {September},
}

@InProceedings{flury06,
  author =	 {Flury, Manuel and Le Boudec, Jean-Yves },
  title =	 {Interference Mitigation by Statistical Interference
                  Modeling in an Impulse Radio {UWB} Receiver},
  booktitle =	 {Ultra-Wideband, The 2006 IEEE 2006 International
                  Conference on},
  year =	 2006,
  month =	 {September},
  pages =	 {393-398},
}

@InProceedings{flury07,
  title =	 {Performance Evaluation of an {IEEE} 802.15.4a
                  Physical Layer with Energy Detection and Multi-User
                  Interference},
  author =	 {Flury, Manuel and Merz, Ruben and le Boudec,
                  Jean-Yves and Zory, Julien},
  booktitle =	 {Ultra-Wideband, 2007. ICUWB 2007. IEEE International
                  Conference on},
  year =	 2007,
  month =	 {September},
  pages =	 {663-668}
}

@InProceedings{fontana02,
  title =	 {Ultra-wideband precision asset location system},
  author =	 {Fontana, R. J. and Gunderson, S. J. },
  booktitle =	 {IEEE Conference on Ultra Wideband Systems and
                  Technologies},
  pages =	 {147--150},
  year =	 2002
}

@Article{forouzan02,
  author =	 {Forouzan, A.R. and Nasiri-Kenari, M. and Salehi,
                  J.A.},
  title =	 {Performance analysis of time-hopping spread-spectrum
                  multiple-access systems: uncoded and coded schemes},
  journal =	 IEEE_J_WCOM,
  year =	 2002,
  volume =	 1,
  number =	 4,
  pages =	 {671--681},
  month =	 {October},
}

@Article{franks80,
  title =	 {Carrier and Bit Synchronization in Data
                  Communication--A Tutorial Review},
  author =	 {Franks, L.},
  journal =	 IEEE_J_COM,
  number =	 8,
  pages =	 {1107--1121},
  volume =	 28,
  year =	 1980
}

@Article{frenger99rcpc,
  author =	 {Frenger, P.K. and Orten, P. and Ottosson, T. and
                  Svensson, A.B.},
  title =	 {Rate-compatible convolutional codes for multirate
                  {DS-CDMA} systems},
  journal =	 IEEE_J_COM,
  year =	 1999,
  volume =	 47,
  number =	 6,
  pages =	 {828--836},
  month =	 {June},
}

@InProceedings{fullmer95,
  author =	 {Fullmer, Chane L. and Garcia-Luna-Aceves, J. J. },
  title =	 {Floor acquisition multiple access (FAMA) for
                  packet-radio networks},
  booktitle =	 {SIGCOMM},
  pages =	 {262--273},
  year =	 1995
}

@Article{gezici05,
  author =	 {Gezici, S. and Zhi Tian and Giannakis, G.B. and
                  Kobayashi, H. and Molisch, A.F. and Poor, H. V. and
                  Sahinoglu, Z.},
  title =	 {Localization via ultra-wideband radios: a look at
                  positioning aspects for future sensor networks},
  journal =	 IEEE_M_SP,
  year =	 2005,
  volume =	 22,
  number =	 4,
  pages =	 {70-84},
  month =	 {July}
}

@Article{gezici05b,
  author =	 {Gezici, S. and Kobayashi, H. and Poor, H. V. and
                  Molisch, A. F. },
  title =	 {Performance evaluation of impulse radio {UWB}
                  systems with pulse-based polarity randomization},
  journal =	 IEEE_J_SP,
  number =	 {7},
  pages =	 {2537--2549},
  priority =	 {2},
  volume =	 {53},
  year =	 {2005}
}

@Article{ghassemzadeh04,
  author =	 {Ghassemzadeh, S.S. and Jana, R. and Rice, C.W. and
                  Turin, W. and Tarokh, V.},
  title =	 {Measurement and Modeling of an Ultra-Wide Bandwidth
                  Indoor Channel},
  journal =	 IEEE_J_COM,
  year =	 2004,
  volume =	 52,
  number =	 10,
  pages =	 {1786-1796},
  month =	 {October},
}

@InProceedings{giancola03,
  author =	 {Giancola, G. and De Nardis, L. and Di Benedetto,
                  M.-G.},
  title =	 {Multi user interference in power-unbalanced ultra
                  wide band systems: analysis and verification},
  booktitle =	 {2002 IEEE Conference on Ultra Wideband Systems and
                  Technologies},
  pages =	 {325-329},
  year =	 2003,
}

@Article{giancola06,
  author =	 {Giancola, Guerino and Di Benedetto, Maria-Gabriella},
  title =	 {A novel approach for estimating multi-user
                  interference in impulse radio {UWB} networks: the
                  pulse collision model},
  journal =	 {Signal Process.},
  month =	 {September},
  number =	 9,
  pages =	 {2185--2197},
  volume =	 86,
  year =	 2006
}

@InProceedings{giuliano05,
  author =	 {Giuliano, R. and Mazzenga, F.) },
  title =	 {Performance Evaluation of {UWB} Sensor Network with
                  Aloha Multiple Access Scheme},
  booktitle =	 {International Workshop on Wireless Ad Hoc Networks},
  year =	 2005,
  month =	 {May}
}

@Article{greenstein07,
  title =	 {Comparison study of {UWB} indoor channel models},
  author =	 {Greenstein, L. J. and Ghassemzadeh, S. S. and Hong,
                  Seung-Chul and Tarokh, V. },
  journal =	 IEEE_J_WCOM,
  number =	 1,
  pages =	 {128--135},
  volume =	 6,
  year =	 2007
}

@Article{grenander59,
  title =	 {The Distribution of Quadratic Forms in Normal
                  Variates: A Small Sample Theory with Applications to
                  Spectral Analysis},
  author =	 {Grenander, U. L. F. and Pollak, H. O. and Slepian,
                  D. },
  journal =	 {Journal of the Society for Industrial and Applied
                  Mathematics},
  number =	 4,
  pages =	 {374--401},
  volume =	 7,
  year =	 1959
}

@Article{grossglauser02,
  author =	 {M. Grossglauser and D. Tse},
  title =	 {Mobility Increases the Capacity of Ad Hoc Wireless
                  Networks},
  journal =	 IEEE_J_NET,
  year =	 2002,
  volume =	 10,
  number =	 4,
  pages =	 {477-486},
  month =	 {August}
}

@inproceedings{gtnets03,
  title =	 {The Georgia Tech Network Simulator},
  author =	 {Riley, George F. },
  booktitle =	 {MoMeTools '03: Proceedings of the ACM SIGCOMM
                  workshop on Models, methods and tools for
                  reproducible network research},
  pages =	 {5--12},
  year =	 2003
}

@Article{guney06,
  title =	 {Robust detection of ultra-wideband signals in
                  non-Gaussian noise},
  author =	 {Guney, N. and Delic, H. and Koca, M. },
  journal =	 IEEE_J_MTT,
  number =	 4,
  pages =	 {1724--1730},
  volume =	 54,
  year =	 2006
}

@Article{gustafsson05,
  title =	 {Mobile positioning using wireless networks:
                  possibilities and fundamental limitations based on
                  available wireless network measurements},
  author =	 {Gustafsson, F. and Gunnarsson, F.},
  journal =	 IEEE_M_SP,
  number =	 4,
  pages =	 {41--53},
  volume =	 22,
  year =	 2005
}

@Article{guvenc07,
  author =	 {Guvenc, Ismail and Arslan, Huseyin },
  title =	 {A review on multiple access interference
                  cancellation and avoidance for {IR-UWB}},
  journal =	 {Signal Processing},
  month =	 {April},
  number =	 {4},
  pages =	 {623--653},
  volume =	 {87},
  year =	 {2007}
}

@Article{hagenauer88rcpc,
  author =	 {Hagenauer, J.},
  title =	 {Rate-compatible punctured convolutional codes
                  ({RCPC} codes) and their applications},
  journal =	 IEEE_J_COM,
  year =	 1988,
  volume =	 36,
  number =	 4,
  pages =	 {389--400},
  month =	 {April},
}

@InProceedings{hamdaoui04,
  author =	 {Hamdaoui, B. and Ramanathan, P.},
  title =	 {Lifetime-Throughput Tradeoff for Elastic Traffic in
                  Multi-Hop Hotspot Networks},
  booktitle =	 {Globecom},
  pages =	 {1565-1569},
  month =	 {December},
  year =	 2004
}

@InProceedings{hamdi03,
  author =	 {Handi, K.A. and Xuanye Gu},
  title =	 {Bit error rate analysis for {TH-CDMA/PPM} impulse
                  radio networks},
  booktitle =	 {IEEE WCNC},
  pages =	 {167-172},
  year =	 2003,
  volume =	 1,
}

@InProceedings{hamdi03ga,
  author =	 {Hamdi, K.A. and Xuanye Gu},
  title =	 {On the validity of the gaussian approximation for
                  performance analysis of {TH-CDMA/OOK} impulse radio
                  networks},
  booktitle =	 {The 57th IEEE Semiannual Vehicular Technology
                  Conference},
  pages =	 {2211-2215},
  year =	 2003,
  volume =	 4,
  organization = {VTC 2003-Spring},
}

@article{hashemi93,
  title =	 {The indoor radio propagation channel},
  author =	 {Hashemi, H.},
  journal =	 IEEE_J_PROC,
  number =	 7,
  pages =	 {943--968},
  volume =	 81,
  year =	 1993
}

@Article{heidelberger95,
  author =	 {Heidelberger, P.},
  title =	 {Fast simulation of rare events in queueing and
                  reliability models},
  journal =	 {ACM Transactions on Modeling and Computer
                  Simulation},
  year =	 1995,
  volume =	 5,
  number =	 1,
  pages =	 {43-85},
  month =	 {January},
}

@Article{heidemann01,
  title =	 {Expanding confidence in network simulations},
  author =	 {Heidemann, J. and Mills, K. and Kumar, S. },
  journal =	 IEEE_M_NET,
  number =	 5,
  pages =	 {58--63},
  volume =	 15,
  year =	 2001
}

@Article{hirt03,
  author =	 {Hirt, Walter},
  title =	 {Ultra-wideband radio technology: overview and future
                  research},
  journal =	 {Computer Communications},
  month =	 {January},
  number =	 1,
  pages =	 {46--52},
  volume =	 26,
  year =	 2003
}

@Misc{hirt05,
  author =	 {Hirt, W. and Weisenhorn, M.},
  title =	 {Robust non-coherent receiver for pam-ppm signals},
  howpublished = {Patent application WO/2005/074150, Aug.\@ 11},
  year =	 2005,
  note =	 {Patent holder: IBM}
}

@inproceedings{ho02,
  title =	 {A differential detector for an ultra-wideband
                  communications system},
  author =	 {Ho, M. and Somayazulu, V. S. and Foerster, J. and
                  Roy, S. },
  booktitle =	 {IEEE 55th Vehicular Technology Conference (VTC
                  Spring)},
  pages =	 {1896--1900 vol.4},
  volume =	 4,
  year =	 2002
}

@inproceedings{hoctor02,
  title =	 {Delay-hopped transmitted-reference RF
                  communications},
  author =	 {Hoctor, R. and Tomlinson, H. },
  booktitle =	 {IEEE Conference on Ultra Wideband Systems and
                  Technologies},
  pages =	 {265--269},
  year =	 2002
}

@InProceedings{holland01,
  author =	 {Holland, Gavin and Vaidya, Nitin and Bahl, Paramvir
                  },
  title =	 {A rate-adaptive {MAC} protocol for multi-Hop
                  wireless networks},
  booktitle =	 {MobiCom '01},
  pages =	 {236--251},
  year =	 2001
}

@InProceedings{horie04uwb,
  author =	 {Horie, W. and Sanada, Y.},
  title =	 {Novel {CSMA} scheme for {DS-UWB} ad-hoc network with
                  variable spreading factor},
  booktitle =	 {IEEE joint Conference on Ultra Wideband Systems and
                  Technologies \& International Workshop on Ultra
                  Wideband Systems},
  pages =	 {361-365},
  month =	 {May},
  year =	 2004,
}

@InProceedings{hsieh02multihop,
  author =	 {Hung-Yun Hsieh and Raghupathy Sivakumar},
  title =	 {{IEEE} 802.11 over Multi-hop Wireless Networks:
                  Problems and New Perspectives},
  booktitle =	 {IEEE VTC-Fall},
  year =	 2002,
  pages =	 {748-752},
  volume =	 2,
  month =	 {September}
}

@Article{hu04,
  author =	 {Bo Hu and Beaulieu, N.C.},
  title =	 {Accurate evaluation of multiple-access performance
                  in {TH-PPM} and {TH-BPSK} {UWB} systems},
  journal =	 IEEE_J_COM,
  year =	 2004,
  volume =	 52,
  number =	 10,
  pages =	 {1758-1766},
  month =	 {October},
}

@InProceedings{hu08a,
  author =	 {Hu, Bo and Beaulieu, N. C. },
  title =	 {On characterizing multiple access interference in
                  {TH-UWB} systems with impulsive noise models},
  booktitle =	 {IEEE Radio and Wireless Symposium},
  pages =	 {879--882},
  year =	 {2008}
}

@Article{hu08b,
  author =	 {Beaulieu, N. C. and Hu, Bo },
  title =	 {Soft-Limiting Receiver Structures for Time-Hopping
                  {UWB} in Multiple-Access Interference},
  journal =	 IEEE_J_VT,
  number =	 {2},
  pages =	 {810--818},
  volume =	 {57},
  year =	 {2008}
}

@Book{huber81,
  author =	 {Huber P. J.},
  title =	 {Robust Statistics},
  publisher =	 {Wiley},
  year =	 1981,
  address =	 {New York}
}

@InProceedings{iaccobuci02multipleaccess,
  author =	 {Iacobucci, M.S. and Di Benedetto, M.-G.},
  title =	 {Multiple access design for impulse radio
                  communication systems},
  booktitle =	 {IEEE ICC},
  pages =	 {817-820},
  year =	 2002,
  volume =	 2,
}

@article{ibrahim07,
  author =	 {Ibrahim, J. and Buehrer, R. M.},
  title =	 {{NBI} Mitigation for {UWB} Systems Using Multiple
                  Antenna Selection Diversity},
  journal =	 IEEE_J_VT,
  number =	 4,
  pages =	 {2363--2374},
  volume =	 56,
  year =	 2007
}

@Misc{inria80211,
  title =	 {New 802.11 support for ns-2},
  howpublished = {\url{http://spoutnik.inria.fr/ns-2-80211/}},
  year =	 2006
}

@article{jiang06,
  title =	 {Effective interference control in ultra-wideband
                  wireless networks},
  author =	 {Jiang, Hai and Zhuang, Weihua and Shen, Xuemin },
  journal =	 {Vehicular Technology Magazine, IEEE},
  number =	 3,
  pages =	 {39--46},
  volume =	 1,
  year =	 2006
}

@article{jurdak05,
  author =	 {Jurdak, Raja and Baldi, Pierre and Lopes, Cristina
                  V. },
  title =	 {{U-MAC}: a proactive and adaptive {UWB} medium
                  access control protocol},
  journal =	 {Wireless Commun. and Mobile Comput. J., Special
                  Issue on Ultrawideband ({UWB}) Communications},
  month =	 {August},
  number =	 5,
  pages =	 {551--566},
  volume =	 5,
  year =	 2005
}

@Misc{kannan04channel,
  author =	 {Kannan, B and Kim Chee Wee and Sun Xu and Chiam Lee
                  Chuan and Francois Chin and Chew Yong Huat and Chai
                  Chin Choy and Tjhung Tjeng Thiang and Peng Xiaoming
                  and Michael Ong and Sivanand Krishnan},
  title =	 {{IEEE} {P}802.15-15-04-0439-00-004a {UWB} channel
                  characterization in indoor office environments},
  howpublished = {Available at \url{http://www.ieee.org}},
  year =	 2004
}

@InProceedings{karn90,
  author =	 {Karn, P.},
  title =	 {MACA - a new channel access method for packet radio},
  booktitle =	 {ARRL/CRRL Amateur Radio 9th Computer Networking
                  Conference},
  pages =	 {134--140},
  year =	 1990
}

@Article{kassam83,
  title =	 {Robust signal processing for communication systems},
  author =	 {Kassam, S. A. and Poor, H. V.},
  journal =	 IEEE_M_COM,
  number =	 1,
  pages =	 {20--28},
  volume =	 21,
  year =	 1983
}

@Article{kassam85,
  author =	 {Kassam, S. A. and Poor, H. V.},
  title =	 {Robust techniques for signal processing: A survey},
  journal =	 IEEE_J_PROC,
  number =	 3,
  pages =	 {433--481},
  volume =	 73,
  year =	 1985
}

@Book{kassam88,
  author =	 {Kassam, S. A.},
  title =	 {Signal Detection in Non-Gaussian Noise},
  publisher =	 {Springer Verlag},
  year =	 1988,
}

@Article{kim06,
  author =	 {Kim, B. S. and Bae, J. and Song, I. and Kim,
                  S. Y. and Kwon, H.},
  title =	 {A Comparative Analysis of Optimum and Suboptimum
                  Rake Receivers in Impulsive {UWB} Environment},
  journal =	 IEEE_J_VT,
  number =	 6,
  pages =	 {1797--1804},
  volume =	 55,
  year =	 2006
}

@Article{kleinrock75,
  author =	 {Kleinrock, L. and Tobagi, F. A.},
  title =	 {Packet switching in radio channels: Part
                  {I}--Carrier sense multiple-access modes and their
                  throughput-delay characteristics},
  journal =	 IEEE_J_COM,
  year =	 1975,
  volume =	 23,
  number =	 12,
  pages =	 {1400-1416},
  month =	 {December}
}

@article{kleinrock75b,
  author =	 {Kleinrock, L. and Lam, S. },
  title =	 {Packet Switching in a Multiaccess Broadcast Channel:
                  Performance Evaluation},
  journal =	 IEEE_J_COM,
  number =	 4,
  pages =	 {410--423},
  volume =	 23,
  year =	 1975
}

@InProceedings{knopp04,
  author =	 {Knopp, R. and Souilmi, Y.},
  title =	 {Achievable rates for {UWB} peer-to-peer networks},
  booktitle =	 {International Zurich Seminar on Communications},
  pages =	 {82-85},
  year =	 2004
}

@Article{kokkalis06,
  author =	 {Kokkalis, N. V. and Mathiopoulos, P. T. and
                  Karagiannidis, G. K. and Koukourlis, C. S.},
  title =	 {Performance analysis of {M-ary PPM TH-UWB} systems
                  in the presence of {MUI} and timing jitter},
  journal =	 IEEE_J_JSAC,
  number =	 4,
  pages =	 {822--828},
  volume =	 24,
  year =	 2006
}

@InProceedings{kolenchery98,
  author =	 {Kolenchery, S.S. and Townsend, J.K. and
                  Freebersyser, J.A.},
  title =	 {A novel impulse radio network for tactical military
                  wireless communications},
  booktitle =	 {IEEE MILCOM},
  pages =	 {59-65},
  month =	 {October},
  volume =	 1,
  year =	 1998,
}

@InProceedings{kotz04,
  title =	 {Experimental evaluation of wireless simulation
                  assumptions},
  author =	 {Kotz, David and Newport, Calvin and Gray, Robert
                  S. and Liu, Jason and Yuan, Yougu and Elliott, Chip
                  },
  booktitle =	 {MSWiM '04: Proceedings of the 7th ACM international
                  symposium on Modeling, analysis and simulation of
                  wireless and mobile systems},
  pages =	 {78--82},
  year =	 2004
}

@article{kumar07,
  title =	 {New Insights From a Fixed-Point Analysis of Single
                  Cell {IEEE} 802.11 WLANs},
  author =	 {Kumar, A. and Altman, E. and Miorandi, D. and Goyal,
                  M. },
  journal =	 IEEE_J_NET,
  number =	 3,
  pages =	 {588--601},
  volume =	 15,
  year =	 2007
}

@Misc{lca05uwb,
  title =	 {{UWB} research at {EPFL}-{IC}, simulation code},
  howpublished = {\url{http://icawww1.epfl.ch/uwb/code}},
  year =	 2005
}

@Misc{lca07uwb,
  title =	 {{UWB} research at {EPFL}-{IC}},
  howpublished = {\url{http://icawww1.epfl.ch/uwb/}},
  year =	 2007
}

@Misc{lca08uwb,
  title =	 {{UWB} research at {EPFL}-{IC}},
  howpublished = {\url{http://icawww1.epfl.ch/uwb/}},
  year =	 2008
}

@Misc{lca08uwb,
  title =	 {{UWB} research at {EPFL}-{IC}},
  howpublished = {\url{http://icawww1.epfl.ch/uwb/}},
  year =	 2008
}

@InProceedings{leBoudec04dccmac,
  author =	 "Le Boudec, J. Y. and Merz, R. and Radunovic, B. and
                  Widmer, J.",
  title =	 "{DCC-MAC}: A Decentralized {MAC} Protocol for
                  802.15.4a-like {UWB} Mobile Ad-Hoc Networks Based on
                  Dynamic Channel Coding",
  booktitle =	 "Proceedings of Broadnets",
  address =	 "San Jose",
  year =	 2004,
  month =	 "October"
}

@Misc{leboudec06perf,
  author =	 {Le Boudec, J.-Y.},
  title =	 {Performance Evaluation Lecture Notes (Methods,
                  Practice and Theory for the Performance Evaluation
                  of Computer and Communication Systems)},
  howpublished = {Lecture notes, available at
                  \url{http://icawww1.epfl.ch/perfeval}},
  year =	 2007
}

@Article{lee02,
  title =	 {Ranging in a dense multipath environment using an
                  {UWB} radio link},
  author =	 {Lee, Joon-Yong and Scholtz, R. A. },
  journal =	 IEEE_J_JSAC,
  number =	 9,
  pages =	 {1677--1683},
  volume =	 20,
  year =	 2002
}

@InProceedings{lee07,
  author =	 {Lee, F. S. and Chandrakasan, A. P.},
  title =	 {A 2.5nJ/b 0.65V 3-to-5GHz Subbanded {UWB} Receiver
                  in 90nm {CMOS}},
  booktitle =	 {ISSCC 07},
  year =	 2007,
  month =	 {February}
}

@Misc{lewis96largedev,
  author =	 {Lewis, J.T. and Russell. R.},
  title =	 {An introduction to large deviations for teletraffic
                  engineers},
  howpublished = {Performance 96 Tutorials,
                  \url{http://www.stp.dias.ie/$\sim$russell/Documents/LD-tutorial.ps.gz}},
  year =	 1996,
}

@article{li07,
  title =	 {Robust joint interference detection and decoding for
                  OFDM-based cognitive radio systems with unknown
                  interference},
  author =	 {Li, T. and Mow, W. H. and Lau, V. K. N. and Siu,
                  M. and Cheng, R. S. and Murch, R. D. },
  journal =	 IEEE_J_JSAC,
  number =	 3,
  pages =	 {566--575},
  volume =	 25,
  year =	 2007
}

@Article{lottici02,
  author =	 {Lottici, V. and D'Andrea, A. and Mengali, U.},
  journal =	 IEEE_J_JSAC,
  number =	 9,
  pages =	 {1638--1645},
  title =	 {Channel estimation for ultra-wideband
                  communications},
  volume =	 20,
  year =	 2002
}

@Article{lovelace02,
  title =	 {The effects of timing jitter and tracking on the
                  performance of impulse radio},
  author =	 {Lovelace, W. M. and Townsend, J. K.},
  journal =	 IEEE_J_JSAC,
  number =	 9,
  pages =	 {1646--1651},
  volume =	 20,
  year =	 2002
}

@InProceedings{lovelace03,
  author =	 {Lovelace, W.M. and Townsend, J.K.},
  title =	 {Chip discrimination for large near far power ratios
                  in {UWB} networks},
  booktitle =	 {IEEE MILCOM},
  pages =	 {13-16},
  year =	 2003,
  month =	 {October},
  volume =	 2,
}

@Article{lovelace05,
  author =	 {Lovelace, W. M. and Townsend, J. K. },
  title =	 {Threshold discrimination and blanking for large
                  near-far power ratios in {UWB} networks},
  journal =	 IEEE_J_COM,
  number =	 9,
  pages =	 {1447--1450},
  volume =	 53,
  year =	 2005
}

@InProceedings{lovelace06,
  title =	 {Packet-Level Interference Estimation and Adaptive
                  Rate Control in Ultra-Wideband (UWB) Radio},
  author =	 {Lovelace, W. M. and Townsend, J. K. and Ulman,
                  R. J.},
  booktitle =	 {IEEE Military Communications Conference (MILCOM)},
  pages =	 {1--6},
  year =	 2006
}

@InProceedings{ma02sync,
  author =	 {Yao Ma and Chin, F. and Kannan, B. and Pasupathy,
                  S.},
  title =	 {Acquisition performance of an ultra wide-band
                  communications system over a multiple-access fading
                  channel},
  booktitle =	 {IEEE Conference on Ultra Wideband Systems and
                  Technologies},
  pages =	 {99-103},
  year =	 2002,
  month =	 {May},
}

@InProceedings{maggio02pcth,
  author =	 {Maggio, G.M. and Laney, D. and Larson, L.},
  title =	 {BER and error-floor calculation for multi-access
                  PCTH},
  booktitle =	 {IEEE Globecom},
  pages =	 {1324-1328},
  year =	 2002,
  volume =	 2,
  month =	 {November},
}

@Article{malik07,
  author =	 {Malik, W. Q. and Stevens, C. J. and Edwards, D. J.},
  title =	 {Multipath Effects in Ultrawideband Rake Reception},
  journal =	 IEEE-J_AP,
  number =	 2,
  pages =	 {507--514},
  volume =	 56,
  year =	 2008
}

@InProceedings{mazzuco04,
  title =	 {A ranging technique for {UWB} indoor channel based
                  on power delay profile analysis},
  author =	 {Mazzucco, C. and Spagnolini, U. and Mulas, G. },
  booktitle =	 {Vehicular Technology Conference, 2004. VTC
                  2004-Spring. 2004 IEEE 59th},
  pages =	 {2595--2599 Vol.5},
  volume =	 5,
  year =	 2004
}

@Article{mengali07,
  title =	 {Energy-Detection {UWB} Receivers with Multiple
                  Energy Measurements},
  author =	 {D'Amico, A. A. and Mengali, U. and Arias-De-Reyna,
                  E.},
  journal =	 IEEE_J_WCOM,
  number =	 7,
  pages =	 {2652--2659},
  volume =	 6,
  year =	 2007
}

@Article{merz05mac,
  author =	 {Merz, R. and Widmer, J. and Le Boudec, J.-Y. and
                  Radunovic, B.},
  title =	 {A Joint {PHY/MAC} Architecture for Low-Radiated
                  Power {TH-UWB} Wireless Ad-Hoc Networks},
  journal =	 {Wireless Commun. and Mobile Comput. J., Special
                  Issue on Ultrawideband ({UWB}) Communications},
  year =	 2005,
  volume =	 5,
  number =	 5,
  pages =	 {567-580},
  month =	 {August}
}

@InProceedings{merz05simul,
  author =	 {Merz, R. and Le Boudec, J.-Y.},
  title =	 {Conditional Bit Error Rate for an Impulse Radio
                  {UWB} Channel with Interfering Users},
  booktitle =	 {IEEE International Conference on Ultrawideband (ICU
                  2005)},
  year =	 2005,
  month =	 {September}
}

@Article{merz05wcmc,
  author =	 {Merz, R. and Widmer, J. and Le Boudec, J.-Y. and
                  Radunovic, B.},
  title =	 {A Joint {PHY/MAC} Architecture for Low-Radiated
                  Power {TH-UWB} Wireless Ad-Hoc Networks},
  journal =	 {Wireless Communications and Mobile Computing
                  Journal, Special Issue on Ultrawideband ({UWB})
                  Communications},
  year =	 2005,
  volume =	 5,
  number =	 5,
  pages =	 {567-580},
  month =	 {August}
}

@InProceedings{merz06,
  author =	 {Merz, R. and Le Boudec, J.-Y. and Vijayakumaran, S.},
  title =	 {Effect on Network Performance of Common versus
                  Private Acquisition Sequences for Impulse Radio
                  {UWB} Networks},
  booktitle =	 {IEEE International Conference on Ultrawideband
                  (ICUWB 2006)},
  year =	 2006,
  month =	 {September}
}

@InProceedings{merz07ns,
  author =	 {Merz, R. and Le Boudec, J.-Y. and Widmer, J},
  booktitle =	 {10{t}h {C}ommunications and {N}etworking
                  {S}imulation {S}ymposium},
  location =	 {Norfolk, VA},
  title =	 {An {A}rchitecture for {W}ireless {S}imulation in
                  {NS}-2 {A}pplied to {I}mpulse-{R}adio {U}ltra-{W}ide
                  {B}and {N}etworks},
  year =	 2007
}

@Article{middleton77,
  author =	 {Middleton, D.},
  title =	 {Statistical-Physical Models of Electromagnetic
                  Interference},
  journal =	 IEEE_J_EMC,
  number =	 3,
  pages =	 {106--127},
  volume =	 {EMC-19},
  year =	 1977
}

@Article{middleton83,
  author =	 {Middleton, D.},
  title =	 {Canonical and Quasi-Canonical Probability Models of
                  Class a Interference},
  journal =	 IEEE_J_EMC,
  number =	 2,
  pages =	 {76--106},
  volume =	 {EMC-25},
  year =	 1983
}

@Article{mireles01mppm,
  title =	 {Performance of ultrawideband SSMA using time hopping
                  and M-ary PPM},
  author =	 {Ramirez-Mireles, F. },
  journal =	 IEEE_J_JSAC,
  number =	 6,
  pages =	 {1186--1196},
  volume =	 19,
  year =	 2001
}

@Article{mireles01uwbperf,
  author =	 {Ramirez-Mireles, F.},
  title =	 {On the performance of ultra-wide-band signals in
                  Gaussian noise and dense multipath},
  journal =	 IEEE_J_VT,
  year =	 2001,
  volume =	 50,
  number =	 1,
  pages =	 {244-249},
}

@InProceedings{mireles02,
  author =	 {Ramirez-Mireles, F.},
  title =	 {Error probability of ultra wideband SSMA in a dense
                  multipath environment},
  booktitle =	 {IEEE MILCOM 2002 Proceedings},
  pages =	 {1081--1084},
  year =	 2002,
  volume =	 2,
}

@Article{mireles02design,
  author =	 {Ramirez-Mireles, F.},
  title =	 {Signal design for ultra-wide-band communications in
                  dense multipath},
  journal =	 IEEE_J_VT,
  year =	 2002,
  volume =	 51,
  number =	 6,
  pages =	 {1517-1521},
}

@inproceedings{mishra06,
  title =	 {Partially overlapped channels not considered
                  harmful},
  author =	 {Mishra, Arunesh and Shrivastava, Vivek and Banerjee,
                  Suman and Arbaugh, William },
  booktitle =	 {SIGMETRICS '06/Performance '06: Proceedings of the
                  joint international conference on Measurement and
                  modeling of computer systems},
  year =	 2006
}

@Article{mishra07,
  author =	 {Mishra, S. M. and Brodersen, R. W. and Brink,
                  S. T. and Mahadevappa, R.},
  title =	 {Detect and avoid: an ultra-wideband/{WiMAX}
                  coexistence mechanism [Topics in Radio
                  Communications]},
  journal =	 IEEE_M_COM,
  number =	 6,
  pages =	 {68--75},
  volume =	 45,
  year =	 2007
}

@InProceedings{mitra07,
  author =	 {Mitra, Jeebak and Lampe, Lutz},
  title =	 {Robust Detectors for {TH IR-UWB} Systems with
                  Multiuser Interference},
  booktitle =	 {Ultra-Wideband, 2007. ICUWB 2007. IEEE International
                  Conference on},
  pages =	 {745-750},
  year =	 2007,
  month =	 {September}
}

@article{mo08,
  title =	 {Comparison of Multichannel {MAC} Protocols},
  author =	 {Mo, Jeonghoon and Wilson, So and Walrand, Jean },
  journal =	 IEEE_J_MC,
  number =	 1,
  pages =	 {50--65},
  priority =	 2,
  volume =	 7,
  year =	 2008
}

@Article{molisch03channel,
  title =	 {Channel models for ultrawideband personal area
                  networks},
  author =	 {Molisch, A. F. and Foerster, J. R. and Pendergrass,
                  M. },
  journal =	 IEEE_JWCOM,
  number =	 6,
  pages =	 {14--21},
  volume =	 10,
  year =	 2003
}

@Misc{molisch04channel,
  author =	 {Molisch, A.-F. and Balakrishnan, K. and Chong,
                  C.-C. and Emami, S. and Fort, A. and Karedal, J. and
                  Kunisch, J. and Schantz, H. and Schuster, U. and
                  Siwiak, K.},
  title =	 {{IEEE} 802.15.4a channel model - final report,
                  document 04/662r1},
  howpublished = {\url{http://www.ieee802.org/15/pub/TG4a.html}},
  month =	 {November},
  year =	 2004
}

@article{molisch05channel,
  title =	 {Ultrawideband propagation channels-theory,
                  measurement, and modeling},
  author =	 {Molisch, A. F.},
  journal =	 IEEE_J_VT,
  number =	 5,
  volume =	 54,
  pages =	 {1528--1545},
  year =	 2005
}

@Article{molisch06channel,
  title =	 {A Comprehensive Standardized Model for Ultrawideband
                  Propagation Channels},
  author =	 {Molisch, A. F. and Cassioli, D. and Chong, C. C. and
                  Emami, S. and Fort, A. and Kannan, B. and Karedal,
                  J. and Kunisch, J. and Schantz, H. G. and Schantz,
                  H. G. and Siwiak, K. and Win, M. Z.},
  journal =	 IEEE_J_AP,
  number =	 11,
  pages =	 {3151--3166},
  volume =	 54,
  year =	 2006
}

@Misc{molisch07,
  author =	 {Molisch, A. F. and Guvenc, I. and Sahinoglu, Z.},
  title =	 {Method and receiver for identifying a leading edge
                  time period in a received radio signal},
  howpublished = {Patent application, WO/2007/011357},
  year =	 2007,
  note =	 {Patent holder: Mitsubishi Electric Research
                  Laboratories}
}

@article{mukhtar04,
  author =	 {Rami Mukhtar and Stephen Hanly and Moshe Zukherman
                  and Fraser Cameron},
  title =	 {A model for the performance evaluation of packet
                  transmissions using type-{II} hybrid {ARQ} over a
                  correlated error channel},
  journal =	 {Wireless Networks},
  volume =	 10,
  number =	 1,
  year =	 2004,
  issn =	 {1022-0038},
  pages =	 {7--16},
  publisher =	 {Kluwer Academic Publishers},
}

@InProceedings{muqattash03cacdma,
  author =	 {Muqattash, Alaa and Krunz Marwan},
  title =	 {{CDMA}--based {MAC} Protocol for Wireless Ad Hoc
                  Networks},
  booktitle =	 {Proceedings of the International Symposium on Mobile
                  Ad Hoc Networking and Computing ({MOBIHOC}'03)},
  pages =	 {153--164},
  year =	 2003,
  month =	 {June},
}

@InProceedings{neely03,
  author =	 {Neely, M.J. and Modiano, E. and Rohrs, C.E.},
  title =	 {Dynamic power allocation and routing for time
                  varying wireless networks},
  booktitle =	 {IEEE INFOCOM},
  pages =	 {745--755},
  year =	 2003,
  volume =	 1,
}

@Article{neely05,
  author =	 {Neely, M.J. and Modiano, E. and Rohrs, C.E.},
  title =	 {Dynamic power allocation and routing for
                  time-varying wireless networks},
  journal =	 IEEE_J_JSAC,
  year =	 2005,
  volume =	 23,
  number =	 1,
  pages =	 {89-103},
  month =	 {January},
}

@InProceedings{nemati06,
  author =	 {Nemati, M.A. and Mitra, U. and Scholtz, R.A.},
  title =	 {Optimum Integration Time for {UWB} Transmitted
                  Reference and Energy Detector Receivers },
  booktitle =	 {IEEE MILCOM 06},
  pages =	 {1-7},
  year =	 2006,
  month =	 {October}
}

@InProceedings{niranjayan04,
  author =	 {Niranjayan, S. and Nalianathan, A. and Kannan, B.},
  title =	 {A new analytical method for exact bit error rate
                  computation of {TH-PPM} {UWB} multiple access
                  systems},
  booktitle =	 {IEEE PIMRC},
  pages =	 {2968-2972},
  year =	 2004,
}

@Misc{ns2,
  title =	 {The Network Simulator ns-2,
                  \url{http://nsnam.isi.edu/nsnam/}},
  year =	 2008,
  month =	 {January}
}

@Misc{ofdm03uwbprop,
  author =	 {Batra, A. and al.},
  title =	 {{Texas Intruments}/{Intel} and al. {P}roposal for
                  {IEEE} 802.15.3a {A}lternate {PHY}},
  howpublished = {IEEE 802.15.3a / document 267r6},
  month =	 {September},
  year =	 2003,
}

@Article{oppermann04,
  author =	 {Oppermann, I. and Stoica, L. and Rabbachin, A. and
                  Shelby, Z. and Haapola, J.},
  title =	 {{UWB} wireless sensor networks: {UWEN} - a practical
                  example},
  journal =	 IEEE_M_COM,
  number =	 12,
  pages =	 {S27--S32},
  volume =	 42,
  year =	 2004
}

@InProceedings{paquelet04a,
  author =	 {Paquelet, S. and Aubert, L. M. },
  bokktitle =	 {IEEE RAWCON 04},
  pages =	 {323--326},
  title =	 {An energy adaptive demodulation for high data rates
                  with impulse radio},
  year =	 2004
}

@inproceedings{paquelet04b,
  title =	 {An impulse radio asynchronous transceiver for high
                  data rates},
  author =	 {Paquelet, S. and Aubert, L. M. and Uguen, B. },
  journal =	 {IEEE joint Conference on Ultra Wideband Systems and
                  Technologies \& International Workshop on Ultra
                  Wideband Systems},
  pages =	 {1--5},
  year =	 2004
}

@Article{patwari05,
  title =	 {Locating the nodes: cooperative localization in
                  wireless sensor networks},
  author =	 {Patwari, N. and Ash, J. N. and Kyperountas, S. and
                  Hero, A. O. and Moses, R. L. and Correal, N. S. },
  journal =	 IEEE_M_SP,
  number =	 4,
  pages =	 {54--69},
  volume =	 22,
  year =	 2005
}

@InProceedings{peng06,
  Author =	 {Xiaoming Peng and Francois Chin and Sai Ho Wong and
                  Kwok Yuen Sam and Lei Zhongding },
  title =	 { A Rake Combining Scheme for an Energy Detection
                  Based Noncoherent {OOK} Receiver in {UWB} Impulse
                  Radio Systems },
  booktitle =	 {IEEE ICUWB 06},
  pages =	 {73-78},
  year =	 2006,
  month =	 {September}
}

@Article{pickholtz82,
  author =	 {Pickholtz, R. and Schilling, D. and Milstein, L.},
  title =	 {Theory of Spread-Spectrum Communications--A
                  Tutorial},
  journal =	 IEEE_J_COM,
  year =	 1982,
  volume =	 30,
  number =	 5,
  pages =	 {855--884},
  month =	 {May},
}

@Article{pickholtz91,
  author =	 {Pickholtz, R.L. and Milstein, L.B. and Schilling,
                  D.L.},
  title =	 {Spread spectrum for mobile communications},
  journal =	 IEEE_J_VT,
  year =	 1991,
  volume =	 40,
  number =	 2,
  pages =	 {313--322},
  month =	 {May},
}

@InProceedings{polastre04,
  author =	 {Polastre, Joseph and Hill, Jason and Culler, David },
  title =	 {Versatile low power media access for wireless sensor
                  networks},
  booktitle =	 {Proceedings of the 2nd international conference on
                  Embedded networked sensor systems (SenSys)},
  pages =	 {95--107},
  year =	 2004
}

@Article{porcino03,
  author =	 {Porcino, Domenico and Hirt, Walter},
  title =	 {Ultra-Wideband Radio Technology: Potential and
                  Challenges Ahead},
  journal =	 IEEE_M_COM,
  year =	 2003,
  pages =	 {66--74},
  month =	 {July},
}

@Article{price58,
  author =	 {Price, R. and Green, P. E.},
  title =	 {A communication technique for multipath channels},
  journal =	 {Proc. IRE},
  year =	 1958,
  volume =	 46,
  pages =	 {555-570},
  month =	 {March}
}

@Book{proakis01digicom,
  author =	 {Proakis, J. G.},
  title =	 {Digital Communications},
  publisher =	 {McGraw--Hill},
  year =	 2001,
  address =	 {New York, NY},
  edition =	 {4th},
}

@Article{qiu02design,
  title =	 {A study of the ultra-wideband wireless propagation
                  channel and optimum {UWB} receiver design},
  author =	 {Qiu, R. C. },
  journal =	 IEEE_J_JSAC,
  number =	 9,
  pages =	 {1628--1637},
  volume =	 20,
  year =	 2002
}

@article{qiu05,
  title =	 {Ultra-wideband for multiple access communications},
  author =	 {Qiu, R. C. and Liu, H. and Shen, X. },
  journal =	 IEEE_M_COM,
  number =	 2,
  pages =	 {80--87},
  volume =	 43,
  year =	 2005
}

@article{quek05,
  title =	 {Analysis of {UWB} transmitted-reference
                  communication systems in dense multipath channels},
  author =	 {Quek, T. Q. S. and Win, M. Z. },
  journal =	 IEEE_J_JSAC,
  number =	 9,
  pages =	 {1863--1874},
  volume =	 23,
  year =	 2005
}

@InProceedings{quin07,
  author =	 {Quintero Diaz de Leon, Gabriela and Skrivervik,
                  Anja},
  title =	 {Analysis of {UWB} antennas for carrier-based {UWP}
                  impulse radio},
  year =	 2007,
  booktitle =	 {European Conference on Antennas and Propagation,
                  2007. EuCAP 2007.},
  pages =	 {1--4},
  month =	 {November}
}

@InProceedings{rabbachin04,
  author =	 {Rabbachin, A. and Oppermann, I.},
  title =	 {Synchronization analysis for {UWB} systems with a
                  low-complexity energy collection receiver},
  booktitle =	 {IEEE joint Conference on Ultra Wideband Systems and
                  Technologies \& International Workshop on Ultra
                  Wideband Systems},
  pages =	 {288--292},
  year =	 2004
}

@Article{radunovic04optimal,
  author =	 {Radunovic, B. and Le Boudec, J. Y.},
  title =	 {Optimal Power Control, Scheduling and Routing in
                  {UWB} Networks},
  journal =	 IEEE_J_JSAC,
  year =	 2004,
  volume =	 22,
  number =	 7,
  pages =	 {1252-1270},
  month =	 {September},
}

@PhdThesis{radunovic05phd,
  author =	 {Radunovic, B.},
  title =	 {A Cross-Layer Design of Wireless Ad-Hoc Networks},
  school =	 {EPFL, Ph.D thesis 3301},
  year =	 2005,
  month =	 {June}
}

@InProceedings{radunovic07,
  title =	 {Optimal {PHY} and {MAC} {P}rotocols for
                  {W}ide-{B}and {A}d-{H}oc {N}etworks},
  author =	 {Radunovic, Bozidar and Le Boudec, Jean-Yves and
                  Knopp, Raymond},
  booktitle =	 {Forty-{F}ifth {A}nnual {A}llerton {C}onference},
  year =	 2007
}

@Misc{raj03,
  author =	 {Raj, Sibi and Telatar, Emre and Tse, David},
  title =	 {Job Scheduling and Multiple Access},
  howpublished = {DIMACS Series in Discrete Mathematics and
                  Theoretical Computer Sciences},
  year =	 2003,
}

@Article{rajeswaran07,
  author =	 {Rajeswaran, A. and Kim, G. and Negi, R.},
  title =	 {Joint Power Adaptation, Scheduling, and Routing for
                  Ultra Wide Band Networks},
  journal =	 IEEE_J_WCOM,
  keywords =	 {networking, routing, uwb},
  number =	 5,
  pages =	 {1964--1972},
  priority =	 2,
  volume =	 6,
  year =	 2007
}

@InProceedings{ramirez98,
  title =	 {Multiple-access with time hopping and block waveform
                  PPM modulation },
  author =	 {Ramirez-Mireles, F. and Scholtz, R.A.},
  booktitle =	 {Communications, 1998. ICC 98. Conference Record.1998
                  IEEE International Conference on},
  year =	 1998,
  month =	 {June},
  volume =	 2,
  pages =	 {775-779},
}

@InProceedings{reggiani03acquisition,
  author =	 {Reggiani, L. and Maggio, G.M.},
  title =	 {A Reduced-Complexity Acquisition Algorithm for {UWB}
                  Impulse Radio},
  booktitle =	 {IEEE Conference on Ultra Wideband Systems and
                  Technologies},
  year =	 2003,
}

@InProceedings{reggiani06,
  title =	 {Analysis of Hybrid Acquisition Schemes for Ultra
                  Wide Band Impulse Radio},
  author =	 {Reggiani, Luca and Fiorina, Jocelyn },
  booktitle =	 {Personal, Indoor and Mobile Radio Communications,
                  2006 IEEE 17th International Symposium on},
  pages =	 {1--5},
  priority =	 2,
  year =	 2006
}

@InProceedings{reyna06,
  author =	 {Arias-De-Reyna, E. and D'Amico, A. A. and Mengali,
                  U.},
  booktitle =	 {IEEE ICC 06},
  pages =	 {4688--4693},
  title =	 {{UWB} Energy Detection Receivers with Partial
                  Channel Knowledge},
  volume =	 10,
  year =	 2006
}

@Misc{richards01,
  author =	 {Richards, J. L. and Brethour, V. R. and Metheney,
                  J. T.},
  title =	 {Apparatus, system and method for one-of-many
                  positions modulation in an impulse radio
                  communications system (or Apparatus and method for
                  pulse position modulation in an impulse radio
                  communications system)},
  howpublished = {Patent application WO/2001/095508, Dec.\@ 13},
  year =	 2001,
  note =	 {Patent holder: Time Domain}
}

@Misc{richards02,
  author =	 {Richards, J. L. and Brethour, V. R. and Metheney,
                  J. T. and Pendergrass, M. H.},
  title =	 {Methods and system for reducing potential
                  interference in an impulse radio system},
  howpublished = {Patent application , WO/2002/032008, Apr.\@ 18},
  year =	 2002,
  note =	 {Patent holder: Time Domain}
}

@Misc{richards02b,
  author =	 {Richards, J. L. and Roberts, M. D.},
  title =	 {A method and apparatus for improving received signal
                  quality in an impulse radio system},
  howpublished = {Patent application, WO/2002/101942, Dec.\@ 19},
  year =	 2002,
  note =	 {Patent holder: Time Domain}
}

@Article{ridolfi06,
  title =	 {Ultrawide bandwidth signals as shot noise: a
                  unifying approach},
  author =	 {Ridolfi, A. and Win, M. Z. },
  journal =	 IEEE_J_JSAC,
  number =	 4,
  pages =	 {899--905},
  volume =	 24,
  year =	 2006
}

@InProceedings{rivaz07,
  author =	 {de Rivaz, S. and Denis, B. and Pezzin, M. and Ouvry,
                  L. },
  title =	 {Performance of {IEEE 802.15.4a UWB} Systems Under
                  Multi-User Interference},
  booktitle =	 {IEEE 18th International Symposium on Personal,
                  Indoor and Mobile Radio Communications (PIMRC)},
  pages =	 {1--7},
  year =	 2007
}

@InProceedings{sabattini03nongaussian,
  author =	 {Sabattini, M. and Masry, E. and Milstein, L.B.},
  title =	 {A non-Gaussian approach to the performance analysis
                  of {UWB} {TH-BPPM} systems},
  booktitle =	 {IEEE Conference on Ultra Wideband Systems and
                  Technologies},
  pages =	 {52-55},
  year =	 2003,
  month =	 {November},
}

@InProceedings{sadeghi02opportunistic,
  author =	 "B. Sadeghi and V. Kanodia and A. Sabharwal and
                  E. Knightly",
  title =	 "Opportunistic media access for multirate ad hoc
                  networks",
  booktitle =	 {8th {A}nnual {I}nt. {C}onf. on Mobile {C}omputing
                  and {N}etworking},
  year =	 2002,
}

@Article{sadowsky91,
  author =	 {Sadowsky, J.S. and Bahr, R.K.},
  title =	 {Direct-sequence spread-spectrum multiple-access
                  communications with random signature sequences: a
                  large deviations analysis},
  journal =	 IEEE_J_IT,
  year =	 1991,
  volume =	 37,
  number =	 3,
  pages =	 {514-527},
  month =	 {May},
}

@InProceedings{sahin05,
  author =	 {Sahin, M. E. and Guvenc, I. and Arslan, H.},
  booktitle =	 {IEEE Spring VTC 05},
  title =	 {Optimization of energy detector receivers for {UWB}
                  systems},
  volume =	 2,
  year =	 2005
}

@Article{sahinoglu06,
  title =	 {Multiuser Interference Mitigation in Noncoherent
                  {UWB} Ranging via Nonlinear Filtering},
  author =	 {Sahinoglu, Zafer and Guvenc, Ismail},
  journal =	 {EURASIP Journal on Wireless Communications and
                  Networking},
  pages =	 {1--10},
  year =	 2006
}

@Misc{sahinoglu06b,
  author =	 {Sahinoglu, Z. and Porikli, F. M.},
  title =	 {Constructing an energy matrix of a radio signal},
  howpublished = {Patent application, WO/2006/112850},
  year =	 2006,
  note =	 {Patent holder: Mitsubishi Electric Research
                  Laboratories}
}

@Misc{sahinoglu07,
  author =	 {Sahinoglu, Z. and Guvenc, I.},
  title =	 {Method for selecting energy threshold for radio
                  signal},
  howpublished = {Patent application, WO/2007/018133},
  year =	 2007,
  note =	 {Patent holder: Mitsubishi Electric Research
                  Laboratories}
}

@Article{saleh87,
  title =	 {A Statistical Model for Indoor Multipath
                  Propagation},
  author =	 {Saleh, A. and Valenzuela, R. },
  journal =	 IEEE_J_SAC,
  number =	 2,
  pages =	 {128--137},
  volume =	 5,
  year =	 1987
}

@Article{sayed05,
  title =	 {Network-based wireless location},
  author =	 {Sayed, A. H. and Tarighat, A. and Khajehnouri, N.},
  journal =	 IEEE_M_SP,
  number =	 4,
  pages =	 {24--40},
  volume =	 22,
  year =	 2005
}

@Article{scholtz80,
  title =	 {Frame Synchronization Techniques},
  author =	 {Scholtz, R.},
  journal =	 IEEE_J_COM,
  number =	 8,
  pages =	 {1204--1213},
  volume =	 28,
  year =	 1980
}

@Article{scholtz82,
  title =	 {The Origins of Spread-Spectrum Communications},
  author =	 {Scholtz, R.},
  journal =	 IEEE_J_COM,
  number =	 5,
  pages =	 {822--854},
  volume =	 30,
  year =	 1982
}

@inproceedings{scholtz93,
  title =	 {Multiple access with time-hopping impulse
                  modulation},
  author =	 {Scholtz, R. },
  booktitle =	 {IEEE Military Communications Conference (MILCOM)},
  pages =	 {447--450 vol.2},
  volume =	 2,
  year =	 1993
}

@Article{schuster07,
  title =	 {Ultrawideband Channel Modeling on the Basis of
                  Information-Theoretic Criteria},
  author =	 {Schuster, U. G. and Bolcskei, H.},
  journal =	 IEEE_J_WCOM,
  number =	 7,
  pages =	 {2464--2475},
  volume =	 6,
  year =	 2007
}

@article{shen05,
  title =	 {Medium access control in ultra-wideband wireless
                  networks},
  author =	 {Shen, Xuemin and Zhuang, Weihua and Jiang, Hai and
                  Cai, Jun },
  journal =	 IEEE_J_VT,
  number =	 5,
  pages =	 {1663--1677},
  volume =	 54,
  year =	 2005
}

@Article{shi06,
  author =	 {Shi, Yi and Hou, Y. T. and Sherali, H. D. and
                  Midkiff, S. F.},
  title =	 {Optimal routing for {UWB}-based sensor networks},
  journal =	 IEEE_J_JSAC,
  number =	 4,
  pages =	 {857--863},
  volume =	 24,
  year =	 2006
}

@article{shi07,
  title =	 {A Novel Approach for the Link Layer in Impulse-based
                  {UWB} Ad Hoc Networks},
  author =	 {Shi, Nan and Xia, Liang and Niemegeers, Ignas},
  journal =	 {Wireless Personal Communications},
  month =	 {July},
  number =	 2,
  pages =	 {143--159},
  volume =	 42,
  year =	 2007
}

@article{silva06,
  author =	 {da Silva, C. R. C. M. and Milstein, L. B. },
  title =	 {The effects of narrowband interference on {UWB}
                  communication systems with imperfect channel
                  estimation},
  journal =	 IEEE_J_JSAC,
  number =	 4,
  pages =	 {717--723},
  volume =	 24,
  year =	 2006
}

@inproceedings{so04,
  author =	 {Jungmin So and Nitin H. Vaidya},
  title =	 {Multi-channel mac for ad hoc networks: handling
                  multi-channel hidden terminals using a single
                  transceiver},
  booktitle =	 {MobiHoc '04: Proceedings of the 5th {ACM}
                  international symposium on Mobile ad hoc networking
                  and computing},
  year =	 2004,
  pages =	 {222-233},
}

@Misc{souilmi03,
  author =	 {Souilmi, Y. and Knopp, R.},
  title =	 {Challenges in {UWB} signalling for Adhoc Networking},
  howpublished = {DIMACS Series in Discrete Mathematics and
                  Theoretical Computer Sciences},
  year =	 2003,
}

@InProceedings{souilmi03b,
  title =	 {On the achievable rates of ultra-wideband {PPM} with
                  non-coherent detection in multipath environments},
  author =	 {Souilmi, Y. and Knopp, R.},
  booktitle =	 {IEEE International Conference on Communications
                  (ICC)},
  pages =	 {3530--3534 vol.5},
  volume =	 5,
  year =	 2003
}

@Article{sousa88,
  author =	 {Sousa, E.S. and Silvester, J.A.},
  title =	 {Spreading code protocols for distributed
                  spread-spectrum packet radio networks},
  journal =	 IEEE_J_COM,
  year =	 1988,
  volume =	 36,
  number =	 3,
  pages =	 {272--281},
  month =	 {March},
}

@Article{spaulding77a,
  title =	 {Optimum Reception in an Impulsive Interference
                  Environment--Part {I}: Coherent Detection},
  author =	 {Spaulding, A. and Middleton, D.},
  journal =	 IEEE_J_COM,
  number =	 9,
  pages =	 {910--923},
  volume =	 25,
  year =	 1977
}

@Article{spaulding77b,
  title =	 {Optimum Reception in an Impulsive Interference
                  Environment--Part {II}: Incoherent Reception},
  author =	 {Spaulding, A. and Middleton, D.},
  journal =	 IEEE_J_COM,
  number =	 9,
  pages =	 {924--934},
  volume =	 25,
  year =	 1977
}

@Misc{st03uwbprop,
  author =	 {H{\'e}lal, D. and Rouzet, P.},
  title =	 {{ST} {M}icroelectronics {P}roposal for {IEEE}
                  802.15.3a {A}lternate {PHY}},
  howpublished = {IEEE 802.15.3a / document 139r5},
  month =	 {July},
  year =	 2003,
}

@Misc{stanley01,
  author =	 {Stanley, R. S. and Richards, J. L. and Johnson,
                  T. A. and Fullerton, L. W. and Cowie, I. A. and
                  Welch, W. D.},
  title =	 {System and method of using multiple correlator
                  receivers in an impulse radio system},
  howpublished = {Patent application, WO/2001/076086, Oct.\@ 11},
  year =	 2001,
  note =	 {Patent holder: Time Domain}
}

@InProceedings{takai01,
  title =	 {Effects of wireless physical layer modeling in
                  mobile ad hoc networks},
  author =	 {Takai, Mineo and Martin, Jay and Bagrodia, Rajive },
  booktitle =	 {MobiHoc '01},
  pages =	 {87--94},
  year =	 2001
}

@Article{telatar00wideband,
  author =	 {Telatar, E. and Tse, D.N.C.},
  title =	 {Capacity and mutual information of wideband
                  multipath fading channels},
  journal =	 IEEE_J_IT,
  year =	 2000,
  volume =	 46,
  number =	 4,
  pages =	 {1384--1400},
}

@InProceedings{tesi04,
  Author =	 {Tesi, R. and Hamalainen, M. and Iinatti, J. and
                  Oppermann, J. and Hovinen, V.},
  title =	 {On the multi-user interference study for ultra
                  wideband communication systems in {AWGN} and
                  modified Saleh-Valenzuela channel},
  booktitle =	 {IEEE joint Conference on Ultra Wideband Systems and
                  Technologies \& International Workshop on Ultra
                  Wideband Systems},
  pages =	 {91--95},
  year =	 2004
}

@article{thomson04,
  author =	 {Thompson, C.},
  title =	 {Everything is alive},
  journal =	 IEEE_M_IC,
  number =	 1,
  pages =	 {83--86},
  volume =	 8,
  year =	 2004
}

@article{thomson05,
  author =	 {Thompson, C.},
  title =	 {Smart devices and soft controllers},
  journal =	 IEEE_M_IC,
  number =	 1,
  pages =	 {82--85},
  volume =	 9,
  year =	 2005
}

@InProceedings{tian05,
  author =	 {Tian, Z. and Sadler, B.M.},
  title =	 {Weighted energy detection of ultra-wideband signals},
  booktitle =	 {IEEE SPAWC},
  pages =	 {10168-1072},
  year =	 2005,
  month =	 {June}
}

@Article{tian05mistiming,
  title =	 {BER sensitivity to mistiming in ultra-wideband
                  impulse Radios-part I: nonrandom channels},
  author =	 {Tian, Zhi and Giannakis, G. B.},
  journal =	 IEEE_J_SP,
  number =	 4,
  pages =	 {1550--1560},
  volume =	 53,
  year =	 2005
}

@article{tobagi75,
  author =	 {Tobagi, F. and Kleinrock, L. },
  title =	 {Packet Switching in Radio Channels: Part {II}--The
                  Hidden Terminal Problem in Carrier Sense
                  Multiple-Access and the Busy-Tone Solution},
  journal =	 IEEE_J_COM,
  number =	 12,
  pages =	 {1417--1433},
  volume =	 23,
  year =	 1975
}

@Article{tong04,
  author =	 {Lang Tong and Naware, V. and Venkitasubramaniam, P.},
  title =	 {Signal processing in random access},
  journal =	 IEEE_M_SP,
  year =	 2004,
  volume =	 21,
  number =	 5,
  pages =	 {29-39},
  month =	 {September},
}

@Article{toumpis03,
  author =	 {Toumpis, S. and Goldsmith, A.J.},
  title =	 {Capacity regions for wireless ad hoc networks},
  journal =	 IEEE_J_WCOM,
  year =	 2003,
  volume =	 24,
  number =	 5,
  pages =	 {736--748},
  month =	 {May},
}

@Article{tsao07channel,
  title =	 {Prediction and Modeling for the Time-Evolving
                  Ultra-Wideband Channel},
  author =	 {Tsao, J. and Porrat, D. and Tse, D. },
  journal =	 IEEE_J_JSAC,
  number =	 3,
  pages =	 {340--356},
  volume =	 1,
  year =	 2007
}

@book{tse05,
  author =	 {Tse, David and Viswanath, Pramod },
  month =	 {June},
  publisher =	 {{Cambridge University Press}},
  title =	 {Fundamentals of Wireless Communication},
  year =	 2005
}

@Article{tsihrintzis95,
  title =	 {Incoherent receivers in alpha-stable impulsive
                  noise},
  author =	 {Tsihrintzis, G. A. and Nikias, C. L. },
  journal =	 IEEE_J_SP,
  number =	 9,
  pages =	 {2225--2229},
  volume =	 43,
  year =	 1995
}

@article{tufvesson06,
  title =	 {Ultra-Wideband Communications using Hybrid Matched
                  Filter Correlation Receivers},
  author =	 {Tufvesson, F. and Gezici, S. and Molisch, A. F.},
  journal =	 IEEE_J_WCOM,
  number =	 11,
  pages =	 {3119--3129},
  volume =	 5,
  year =	 2006
}

@Article{urkowitz67,
  title =	 {Energy detection of unknown deterministic signals},
  author =	 {Urkowitz, H. },
  journal =	 IEEE_J_PROC,
  number =	 4,
  pages =	 {523--531},
  volume =	 55,
  year =	 1967
}

@Misc{uwb-ns-implementation,
  author =	 {Ruben Merz and J\"org Widmer and Jean-Yves Le Boudec
                  and Bo\v{z}idar Radunovi\'},
  title =	 {Ultra-wide band {MAC} and {PHY} layer implementation
                  for ns-2,
                  \url{http://icapeople.epfl.ch/widmer/uwb/index.html}},
  year =	 2004,
}

@Article{vastola84,
  author =	 {Vastola, K.},
  title =	 {Threshold Detection in Narrow-Band Non-Gaussian
                  Noise},
  journal =	 IEEE_J_COM,
  number =	 2,
  pages =	 {134--139},
  volume =	 32,
  year =	 1984
}

@InProceedings{villanti05,
  author =	 {Villanti, M. and Sabattini, M. and Maggio, G.M. and
                  Milstein, L.B.},
  title =	 {Non-coherent code acquisition for {UWB} systems in
                  dense multipath fading channels},
  booktitle =	 {IEEE Spring VTC 05},
  pages =	 {2018 - 2022},
  year =	 2005,
  volume =	 3,
  month =	 {June}
}

@Article{vishnevsky08,
  author =	 {Vishnevsky, V. M. and Lyakhov, A. I. and Safonov,
                  A. A. and Mo, S. S. and Gelman, A. D. },
  title =	 {Study of Beaconing in Multihop Wireless {PAN} with
                  Distributed Control},
  journal =	 IEEE_J_MC,
  number =	 1,
  pages =	 {113--126},
  volume =	 7,
  year =	 2008
}

@Article{viterbi71convolutional,
  author =	 {Viterbi, A.},
  title =	 {Convolutional Codes and Their Performance in
                  Communication Systems},
  journal =	 IEEE_J_COM,
  year =	 1971,
  volume =	 19,
  number =	 5,
  pages =	 {751--772},
  month =	 {October},
}

@InProceedings{weeks99,
  author =	 {Weeks, G. D. and Townsend, J. K. and Freebersyser,
                  J. A.},
  title =	 {Performance of hard decision detection for impulse
                  radio},
  booktitle =	 {IEEE Military Communications Conference Proceedings
                  (MILCOM)},
  pages =	 {1201--1206 vol.2},
  volume =	 2,
  year =	 1999
}

@InProceedings{weisenhorn04,
  author =	 {Weisenhorn, M. and Hirt, W.},
  title =	 {Robust noncoherent receiver exploiting {UWB} channel
                  properties},
  booktitle =	 {IEEE joint Conference on Ultra Wideband Systems and
                  Technologies \& International Workshop on Ultra
                  Wideband Systems},
  month =	 {May},
  pages =	 {156-160},
  year =	 2004,
}

@InProceedings{weisenhorn05,
  author =	 {Weisenhorn, M. and Hirt, W.},
  title =	 {{ML} receiver for pulsed {UWB} signals and partial
                  channel state information},
  booktitle =	 {IEEE International Conference on Ultra-Wideband},
  pages =	 {6 pp.+},
  year =	 2005
}

@Article{wentzloff05,
  title =	 {System design considerations for ultra-wideband
                  communication},
  author =	 {Wentzloff, D. D. and Blazquez, R. and Lee, F. S. and
                  Ginsburg, B. P. and Powell, J. and Chandrakasan,
                  A. P. },
  journal =	 IEEE_M_COM,
  number =	 8,
  pages =	 {114--121},
  volume =	 43,
  year =	 2005
}

@Misc{wimedia07,
  author =	 {{International Standards Organization, Geneva}},
  title =	 {High Rate Ultra Wideband PHY and MAC Standard},
  howpublished = {International Standard {ISO/IEC} 26907 Information
                  technology Telecommunications and information
                  exchange between systems},
  month =	 {March},
  year =	 2007
}

@Article{win00,
  author =	 {Win, M. Z. and Scholtz, R. A.},
  title =	 {Ultra-wide bandwidth time-hopping spread-spectrum
                  impulse radio for wireless multiple-access
                  communications},
  journal =	 IEEE_J_COM,
  year =	 2000,
  volume =	 48,
  number =	 4,
  pages =	 {679--691},
  month =	 {April},
}

@Article{win02,
  title =	 {A unified spectral analysis of generalized
                  time-hopping spread-spectrum signals in the presence
                  of timing jitter},
  author =	 {Win, M. Z.},
  journal =	 IEEE_J_JSAC,
  number =	 9,
  pages =	 {1664--1676},
  volume =	 20,
  year =	 2002
}

@InProceedings{win97,
  title =	 {Energy capture vs. correlator resources in
                  ultra-wide bandwidth indoor wireless communications
                  channels},
  author =	 {Win, M.Z. and Scholtz, R.A.},
  journal =	 {MILCOM 97 Proceedings},
  year =	 1997,
  month =	 {November},
  volume =	 3,
  pages =	 {1277-1281},
}

@Article{win98,
  title =	 {Impulse radio: how it works},
  author =	 {Win, M. Z. and Scholtz, R. A. },
  journal =	 IEEE_J_COML,
  number =	 2,
  pages =	 {36--38},
  volume =	 2,
  year =	 1998
}

@Article{win98b,
  title =	 {On the robustness of ultra-wide bandwidth signals in
                  dense multipath environments},
  author =	 {Win, M. Z. and Scholtz, R. A. },
  journal =	 IEEE_J_COML,
  number =	 2,
  pages =	 {51--53},
  volume =	 2,
  year =	 1998
}

@Article{wittman67,
  title =	 {Categorization of Multiple-Access/Random-Access
                  Modulation Techniques},
  author =	 {Wittman, J.},
  journal =	 IEEE_J_COM,
  number =	 5,
  pages =	 {724--725},
  volume =	 15,
  year =	 1967
}

@Article{woerner94,
  title =	 {Simulation issues for future wireless modems},
  author =	 {Woerner, B. D. and Reed, J. H. and Rappaport, T. S.},
  journal =	 IEEE_M_COM,
  number =	 7,
  pages =	 {42--53},
  volume =	 32,
  year =	 1994
}

@Article{wu06,
  author =	 {Wu, Qi and Xiong, Yongqiang and Zhang, Qian and Guo,
                  Zihua and Xia, Xiang-Gen and Li, Zhongcheng},
  title =	 {Joint routing and topology formation in multihop
                  {UWB} networks},
  journal =	 IEEE_J_JSAC,
  number =	 4,
  pages =	 {843--849},
  volume =	 24,
  year =	 2006
}

@InProceedings{xu03unfairtcp,
  author =	 {Xu, K. and Gerla, M. and Qi, L. and Shu, Y.},
  title =	 {Enhancing {TCP} fairness in ad hoc wireless networks
                  using neighborhood {RED}},
  booktitle =	 {MobiCom '03},
  pages =	 {16--28},
  year =	 2003,
}

@Article{yang04,
  author =	 {Liuqing Yang and Giannakis, G.B.},
  title =	 {Ultra-wideband communications: an idea whose time
                  has come},
  journal =	 IEEE_M_SP,
  year =	 2004,
  volume =	 21,
  number =	 6,
  pages =	 {26-54},
  month =	 {November}
}

@inproceedings{yans06,
  title =	 {Yet Another Network Simulator},
  author =	 {Lacage, Mathieu. and Henderson, Thomas R.},
  booktitle =	 {{WNS2}, The workshop on ns-2: the IP network
                  simulator},
  year =	 2006
}

@article{ye04,
  author =	 {Ye, Wei and Heidemann, John and Estrin, Deborah },
  title =	 {Medium access control with coordinated adaptive
                  sleeping for wireless sensor networks},
  journal =	 IEEE_J_NET,
  month =	 {June},
  number =	 3,
  pages =	 {493--506},
  volume =	 12,
  year =	 2004
}

@Article{yoon04,
  author =	 {Yoon, Seokho and Song, Iickho and Kim, Sun Y.},
  journal =	 IEEE_J_COM,
  number =	 2,
  pages =	 {187--190},
  title =	 {Code acquisition for DS/SS communications in
                  non-Gaussian impulsive channels},
  volume =	 52,
  year =	 2004
}

@InProceedings{zasowski06,
  author =	 {Zasowski, T. and Troesch, F. and Wittneben, A.},
  title =	 {Partial Channel State Information and Intersymbol
                  Interference in Low Complexity {UWB} {PPM}
                  Detection},
  booktitle =	 {IEEE ICUWB 06},
  pages =	 {369 - 374},
  year =	 2006,
  month =	 {September}
}

@InProceedings{zhan07,
  title =	 {High-Resolution Impulse Radio Ultra Wideband
                  Ranging},
  author =	 {Zhan, Hai and Ayadi, Jaouhar and Farserotu, John and
                  Le Boudec, Jean-Yves},
  year =	 2007,
  booktitle =	 {IEEE International Conference on Ultra-Wideband,
                  2007. ICUWB 2007.},
  pages =	 {568--573},
  month =	 {September}
}

@InProceedings{zhang03,
  author =	 {Zhang, T. and Abhayapala, T.D. and Kennedy, R.A.;},
  title =	 {Performance of ultra-wideband correlator receiver
                  using Gaussian monocycles},
  booktitle =	 {IEEE International Conference on Communications},
  pages =	 {2192-2196},
  year =	 2003,
  volume =	 3,
}

@Article{zhao02perf,
  author =	 {Zhao, L. and Haimovich, A.M.},
  title =	 {Performance of Ultra-Wideband Communications in the
                  Presence of Interference},
  journal =	 IEEE_J_JSAC,
  year =	 2002,
  volume =	 20,
  number =	 9,
  month =	 {December},
}

@Misc{zigbee08,
  title =	 {Zigbee Alliance, \url{http://www.zigbee.org}},
  month =	 {January},
  year =	 2008
}

@InProceedings{zou05,
  author =	 {Zou, Chuanyun and Haas, Z. },
  title =	 {Optimal Resource Allocation for {UWB} Wireless Ad
                  Hoc Networks},
  booktitle =	 {IEEE International Symposium on Personal, Indoor and
                  Mobile Radio Communications (PIMRC)},
  pages =	 {452--456},
  volume =	 1,
  year =	 2005
}

