@phdthesis{lol,
author = {Huehn, Thomas},
year = {2013},
month = {01},
pages = {},
title = {A Measurement-Based Joint Power and Rate Controller for IEEE 802.11 Networks},
doi = {10.14279/depositonce-3725}
}



@article{arif2017evaluation,
  title={Evaluation of the Minstrel-HT Rate Adaptation Algorithm in IEEE 802.11 n WLANs.},
  author={Arif, Teuku Yuliar and Munadi, Rizal and others},
  journal={International Journal of Simulation--Systems, Science \& Technology},
  volume={18},
  number={1},
  year={2017}
}


@INPROCEEDINGS{8548800,
  author={Albar, Rizka and Arif, Teuku Yuliar and Munadi, Rizal},
  booktitle={2018 International Conference on Electrical Engineering and Informatics (ICELTICs)}, 
  title={Modified Rate Control for Collision-Aware in Minstrel-HT Rate Adaptation Algorithm}, 
  year={2018},
  volume={},
  number={},
  pages={7-12},
  doi={10.1109/ICELTICS.2018.8548800}}



@misc{MinstrelKernel,
  author = {{mac80211}},
  title = {Minstrel Rate Control for Linux kernel},
  howpublished = {\url{https://wireless.wiki.kernel.org/en/developers/documentation/mac80211/ratecontrol/minstrel}},
  note = {Accessed: April 2023}
}

@misc{MinstrelHT(2010),
  author = {Felix Fietkau},
  title = {Minstrel HT: New rate control module for 802.11n},
  howpublished = {\url{https://lwn.net/Articles/376765/}},
  month = {Mar},
  year = {2010}
}

@misc{MinstrelRCD,
  author = {Felix Fietkau},
  title = {Addition of minstrel-rcd to Linux-based OpenWRT OS},
  howpublished = {\url{https://github.com/openwrt/openwrt/pull/1019}},
  year = {2023}
}


@misc{MinstrelHT-patch,
  title = {Minstrel-HT Kernel},
  howpublished = {\url{https://patchwork.kernel.org/project/linux-wireless/patch/20210103115140.18614-4-nbd@nbd.name/}},
  note = {Commited:2021-01-03}
}

@misc{SNCX_internal_note,
  author = {Henrike Wissing},
  title = {The HHI Office Data Set},
  howpublished = {SCNX Internal Report (in prooparation)},
  note = {2023}
}
@book{rappaport-2002,
	author = {Theodore S , family=Rappaport},
	date = {2002-01-01},
        year= {year},
	publisher = {Prentice Hall},
	subtitle = {Principles and Practice},
	title = {Wireless Communications},
}


@online{PC_Engines_apu2e4,
    title = {PC Engines apu2e4 product file},  
    url = {https://www.pcengines.ch/apu2e4.htm},   
}


@online{MCS-Index,
    title = {MCS Index - MCS Index Table, Modulation and Coding Scheme Index 11n, 11ac, and 11ax},  
    url = {https://mcsindex.com},   
}



@book{proakis2008digital,
  title={Digital Communications},
  author={Proakis, John G.},
  edition={5th},
  year={2008},
  publisher={McGraw-Hill}
}

@article{liu2014minstrelht,
  title={Minstrel-HT: A WiFi rate control algorithm exploiting antenna diversity and channel bonding},
  author={Liu, Yajun and Rong, Yongsheng and Qian, Yongqiang and Sun, Yi},
  journal={IEEE Transactions on Wireless Communications},
  volume={13},
  number={7},
  pages={3902--3915},
  year={2014},
  publisher={IEEE},
  doi={10.1109/TWC.2014.2316567}
}



@online{atheros-ar9287,
  author = {Atheros Communications},
  title = {AR9287 802.11n Wireless LAN Chipset},
  url = {https://www.atheros.com/technology/technology.php?nav1=47&product=107},
  year = {2009},
  note = {Accessed on April 20, 2023}
}


@misc{pandas_rolling,
    author = "{pandas Development Team}",
    title = "{pandas.Series.rolling}",
    howpublished = "{pandas documentation}",
    note = "{\url{https://pandas.pydata.org/docs/reference/api/pandas.Series.rolling.html}}"
}
